




%%%%%%%%%%%%%%%%%%%%%%%%%%%%%%%%%%%%%%%%%%%%%%%%%%%%%%%%%%%%%%%
% MATHS BIBLIOGRAPHY
%%%%%%%%%%%%%%%%%%%%%%%%%%%%%%%%%%%%%%%%%%%%%%%%%%%%%%%%%%%%%%%

@Book{ma:algeb:Chambadal78,
  author = 	 "Chambadal, L.",
  title = 	 "Dictionnaire de math\'ematiques",
  publisher = 	 "Hachette",
  year = 	 "1978"
}

@Book{ma:algeb:Strang76,
  author = 	 "Strang, G.",
  title = 	 "Linear algebra and its applications",
  publisher = 	 "Academic Press",
  year = 	 "1976"
}




@Book{ma:cellu:Bunde91,
  author = 	 {Bunde, A. and Havlin, S.},
  title = 	 {Fractals and disordered systems},
  publisher = 	 {Springer},
  year = 	 {1991}
}
		  
		  

@Book{ma:cellu:Wolfram86,
  author = 	 {Wolfram, S.},
  title = 	 {Theory and applications of cellular automata},
  publisher = 	 {World scientific},
  year = 	 {1986}
}

@Book{ma:compu:Fuchssteiner96,
  author = 	 "Benno Fuchssteiner et al.",
  title = 	 "MuPAD User's Manual - MuPAD Version 1.2.2",
  publisher = 	 "John Wiley and sons",
  year = 	 "1996",
  isbn       = {0-471-96716-5}
 }

@Book{ma:compu:Koonin90,
  author = 	 "Konin, S. E. and Meredith, D. C.",
  title = 	 "Computational physics",
  publisher = 	 "Addison-Wesley",
  year = 	 "1990"
}

@Book{ma:compu:Nougier87,
  author = 	 "Nougier, J.P.",
  title = 	 "M\'ethodes de calcul num\'erique",
  publisher = 	 "Masson",
  year = 	 "1987",
}

@Book{ma:compu:garcia94,
  author        = {A. L. Garcia },
  publisher     = {Prentice Hall },
  year          = {1994 },
  address       = {Englewood Cliffs NJ },
  title     = {Numerical Methods for Physics },
  exist         = {0},
  source        = {matthias_020496},
  keywords      = { }
}

@Book{ma:compu:Parker89,
  author = 	 "Parker, T. S. and Chua, L. O.",
  title = 	 "Practical numerical algorithms for chaotic systems",
  publisher = 	 "Springer-Verlag",
  year = 	 "1989"
}

@Book{ma:compu:Press92,
  author = 	 "W. H. Press and S. Teukolsky and W. T. Vetterling
		  and B. Flannery",
  title = 	 "Numerical recipes in C",
  publisher = 	 "Cambridge",
  year = 	 "1992"
}

@Book{ma:compu:Stauffer93,
  author = 	 "Stauffer, D. and Hehl, F. W. and Ito, N. and
		  Winkelmann, V. and Zabolitzky, J.G.",
  title = 	 "Computer simulation and compuer algebra",
  publisher = 	 "Springer",
  year = 	 "1993"
}

@Book{ma:distr:Petit91,
  author = 	 "Petit, R.",
  title = 	 "L'outil math\'ematique",
  publisher = 	 "Masson",
  year = 	 "1991"
}

@Book{ma:distr:Roddier71,
  author = 	 "Roddier, F.",
  title = 	 "Distributions et transformation de Fourier",
  publisher = 	 "\'Ediscience",
  year = 	 "1971"
}




@Book{ma:distr:Zemanian87,
  author = 	 {Zemanian},
  title = 	 {Distribution Theory and Transform Analysis : An
                    Introduction to Generalized Functions, With
                    Applications},
  publisher = 	 {Dover},
  year = 	 {1987}
}

@Book{ma:distr:Schwartz65,
  author = 	 {Schwartz, L.},
  title = 	 {Mathematics for the physical sciences},
  publisher = 	 {Hermann},
  year = 	 {1965}
}

@Book{ma:equad:Arnold80,
  author = 	 "V. Arnold",
  title = 	 "Chapitres suppl\'ementaires de la th\'eorie des
		  \'equations diff\'erentielles ordinaires",  
  publisher = 	 "Mir Moscou",
  year = 	 "1980"
}

@Book{ma:equad:Arnold83,
  author = 	 "V. Arnold",
  title = 	 "Geometrical methods in the theory of ordinary
		  differential equations",
  publisher = 	 "Springer-Verlag",
  year = 	 "1983"
}

@Book{ma:equad:Bender87,
  author = 	 "Bender, C. M. and Orszag, S. A.",
  title = 	 "Advanced mathematical methods for scientists and
		  engineers", 
  publisher = 	 "McGraw-Hill",
  year = 	 "1987"
}

@Book{ma:equad:Berge84,
  author = 	 "Berg\'e, P. and Pomeau, Y. and Vidal, Ch.",
  title = 	 "L'ordre dans le chaos",
  publisher = 	 "Hermann",
  year = 	 "1984"
}



@InCollection{ma:equad:Berry78,
  author = 	 "M. V. Berry",
  title = 	 "Regular and irregular motion",
  booktitle = "Topics in nonlinear dynamics", 
  year = 	 1978,
  editor = 	 "S. Jorna",
  volume = 	 46
}


@Article{ma:equad:Chate88,
  author = 	 "Hugues Chat\'e and Paul Manneville",
  title = 	 "Spatio-Temporal Intermittency in Coupled map
		  lattices", 
  journal = 	 "Physica D",
  year = 	 "1988",
  volume = 	 "32",
  pages = 	 "409--422"}

@InCollection{ma:equad:Chenciner85,
  author = 	 "Chenciner, A.",
  title = 	 "Les systemes dynamiques differentiables",
  booktitle = "Encyclopedia Universalis",
  year = 	 "1985",
  volume = 	 "17",
  pages = 	 "594",
}


@Book{ma:equad:Ciarlet88,
  author = 	 "Ciarlet, P. G.",
  title = 	 "Introduction to numerical linear algebra and
                    optimisation",
  publisher = 	 "Cambridge Univ Press",
  year = 	 "1989"
}

@Book{ma:equad:Ciarlet88f,
  author = 	 "Ciarlet, P. G.",
  title = 	 "Introduction \`a l'analyse matricielle et \`a
		  la mimisation", 
  publisher = 	 "Masson",
  year = 	 "1988"
}




@Book{ma:equad:Collet80,
  author = 	 "Collet, P. and Eckmann, J.P.",
  title = 	 "Iterated maps on the interval as dynamical systems.",
  publisher = 	 "{Birkh\"auser}",
  year = 	 "1980"
}


@Book{ma:equad:Courant24,
  author = 	 "Courant, R. and Hilbert, D.",
  title = 	 "Methoden der mathematischen Physik",
  publisher = 	 "Interscience Publishers",
  year = 	 "1924"
}


@Article{ma:equad:Dardel93,
  author = 	 "Dardel, F.",
  title = 	 "Dessins \`a fleur de peau",
  journal = 	 "SVM",
  year = 	 "1993",
  month = 	 "Juillet-ao\^ut"
}
@Book{ma:equad:Dautray1,
  author = 	 "Dautray, R. and Lions, J.-L.",
  title = 	 "Mathematical analysis and numerical methods for
                   science and technology : Physical origins and
                   classical methods",
  publisher = 	 "Springer",
  year = 	 "1991",
  volume = 	 "1"
}

@Book{ma:equad:Dautray5,
  author = 	 "Dautray, R. and Lions, J.-L.",
  title = 	 "Mathematical analysis and numerical methods for
                   science and technology : Evolution problems I",
  publisher = 	 "Springer",
  year = 	 "1987",
  volume = 	 "4"
}

@Book{ma:equad:Dautray1f,
  author = 	 "Dautray, R. and Lions, J.-L.",
  title = 	 "Analyse math\'ematique et calcul num\'erique",
  publisher = 	 "Masson",
  year = 	 "1987",
  volume = 	 "1"
}

@Book{ma:equad:Dautray2,
  author = 	 "Dautray, R. and Lions, J.-L.",
  title = 	 "Analyse math\'ematique et calcul num\'erique",
  publisher = 	 "Masson",
  year = 	 "1987",
  volume = 	 "2"
}
@Book{ma:equad:Dautray3,
  author = 	 "Dautray, R. and Lions, J.-L.",
  title = 	 "Analyse math\'ematique et calcul num\'erique",
  publisher = 	 "Masson",
  year = 	 "1987",
  volume = 	 "3"
}
@Book{ma:equad:Dautray4,
  author = 	 "Dautray, R. and Lions, J.-L.",
  title = 	 "Analyse math\'ematique et calcul num\'erique",
  publisher = 	 "Masson",
  year = 	 "1987",
  volume = 	 "4"
}
@Book{ma:equad:Dautray5f,
  author = 	 "Dautray, R. and Lions, J.-L.",
  title = 	 "Analyse math\'ematique et calcul num\'erique",
  publisher = 	 "Masson",
  year = 	 "1987",
  volume = 	 "5"
}
@Book{ma:equad:Dautray6,
  author = 	 "Dautray, R. and Lions, J.-L.",
  title = 	 "Analyse math\'ematique et calcul num\'erique",
  publisher = 	 "Masson",
  year = 	 "1987",
  volume = 	 "6"
}
@Book{ma:equad:Dautray7,
  author = 	 "Dautray, R. and Lions, J.-L.",
  title = 	 "Analyse math\'ematique et calcul num\'erique",
  publisher = 	 "Masson",
  year = 	 "1987",
  volume = 	 "7"
}
@Book{ma:equad:Dautray8,
  author = 	 "Dautray, R. and Lions, J.-L.",
  title = 	 "Analyse math\'ematique et calcul num\'erique",
  publisher = 	 "Masson",
  year = 	 "1987",
  volume = 	 "8"
}
@Book{ma:equad:Dautray9,
  author = 	 "Dautray, R. and Lions, J.-L.",
  title = 	 "Analyse math\'ematique et calcul num\'erique",
  publisher = 	 "Masson",
  year = 	 "1987",
  volume = 	 "9"
}



@Book{ma:equad:Dodd82,
  author = 	 "Dodd, R. K. and Eilbeck, J.C. and Gibbon, J. D. and
		  Morris, H. C.",
  title = 	 "Solitons and nonlinear wave equations",
  publisher = 	 "Academic press",
  year = 	 "1982"
}

@Book{ma:equad:Duvaut72,
  author = 	 "Duvaut, G. and Lions, J.L.",
  title = 	 "Les in\'equations en m\'ecanique et en physique",
  publisher = 	 "Dunod",
  year = 	 "1972"
}


@Book{ma:equad:Gille88,
  author = 	 "Gille, J.-Ch. and Decaulme, P. and P\'elegrin, M.",
  title = 	 "Syst\`emes asservis non lin\'eaires",
  publisher = 	 "Bordas",
  year = 	 "1988"
}

@Book{ma:equad:Guckenheimer83,
  author = 	 "Guckenheimer, J. and Holmes, P.",
  title = 	 "Nonlinear oscillations, dynamical systems, and
		  bifurcations of vector fields",
  publisher = 	 "Springer",
  year = 	 "1983"
}

@Book{ma:equad:Kato66,
  author = 	 "Kato, T.",
  title = 	 "Perturbation theory for linear operators",
  publisher = 	 "Springer",
  year = 	 "1966"
}


@Book{ma:equad:Manneville91,
  author = 	 "Manneville, P.",
  title = 	 "Structures dissipatives, chaos et turbulence",
  publisher = 	 "CEA",
  year = 	 "1991"
}

@Book{ma:equad:Morgan95,
  author = 	 "Morgan, F.",
  title = 	 "Geometric measure theory",
  publisher = 	 "Academic Press",
  year = 	 "1995"
}


@Book{ma:equad:Nayfeh95,
  author = 	 "Nayfeh, A. H. and Balachandran, B.",
  title = 	 "Applied nonlinear dynamics",
  publisher = 	 "Wiley",
  year = 	 "1995"
}

@Book{ma:equad:Raviart85,
  author = 	 "Raviart, P.-A. and Thomas, J.-M.",
  title = 	 "Introduction \`a l'analyse math\'ematique des
		  \'equations aux d\'eriv\'ees partilelles.",
  publisher = 	 "Masson",
  year = 	 "1985",
  series = 	 "Math\'ematiques appliqu\'ees pour la ma\^\i trise"
}

@Book{ma:equad:Schuster88,
  author = 	 "Schuster, H. G.",
  title = 	 "Deterministic chaos",
  publisher = 	 "VCH",
  year = 	 "1988"
}
@Article{ma:equad:Thuillier91,
  author = 	 "Thuillier, P. and al",
  title = 	 "La science du desordre",
  journal = 	 "La Recherche",
  year = 	 "1991",
  volume = 	 "232",
  month = 	 "mai"}

@Book{ma:equad:Weisbuch89,
  author = 	 "Weisbuch, G.",
  title = 	 "Dynamique des systemes complexes",
  publisher = 	 "Inter\'Editions/\'Editions du CNRS",
  year = 	 "1989"}



@Article{ma:fuzzy:Dubois91,
  author = 	 {Dubois, D. and Prade, H.},
  title = 	 {les logiques du fluo et du tre\`s possible},
  journal = 	 {la recherche},
  year = 	 {1991},
  volume = 	 {22},
  number = 	 {237},
  month = 	 {nov},
  pages = 	 {1308--13015},
}

@Book{ma:group:Fetizon,
  author = 	 "Fetizon",
  title = 	 "",
  publisher = 	 "",
  year = 	 "",
}

@Book{ma:group:Jones90,
  author = 	 "Jones, H. F.",
  title = 	 "Groups, representations and physics",
  publisher = 	 "Adam Hilger",
  year = 	 "1990"
}



@Book{ma:group:Kettle95,
  author = 	 {Kettle, S. F. A.},
  title = 	 {Symmetry and structure : (readable group theory for
                    chemists},
  publisher = 	 {John Wiley \& Sons},
  year = 	 {1995},
}

@Book{ma:group:Labarre78,
  author = 	 "Labarre, J.-F.",
  title = 	 "La th\'eorie des groupes",
  publisher = 	 "PUF",
  year = 	 "1978"
}
@Book{ma:group:Petrachene70,
  author = 	 "P\'etrach\`ene, M. and Trifonov, E.",
  title = 	 "Applications de la th\'eorie des groupes \`a la
		  m\'ecanique quantique",
  publisher = 	 "Masson",
  year = 	 "1970"
}
		  
		  
@Book{ma:stoch:Baxter96,
  author = 	 {Baxter, M. and Rennie, A.},
  title = 	 {Financial calculus},
  publisher = 	 {Cambridge},
  year = 	 {1996}
}

@Book{ma:stoch:Kloeden92,
  author = 	 {Kloeden, P. E. and Platen, E.},
  title = 	 {Numerical solution of stochastic differential equations},
  publisher = 	 {Springer},
  year = 	 {1992},
  series = 	 {Applcations of mathematics}
}

@Book{ma:stoch:VanKampen81,
  author = 	 {Van Kampen N.G.},
  title = 	 {Stochastic processes in physics and chemestry},
  publisher = 	 {North--Holland},
  year = 	 {1981},
}

@Book{ma:tense:Bass64,
  author = 	 "Bass, J.",
  title = 	 "Cours de math\'ematiques",
  publisher = 	 "Masson",
  year = 	 "1964"
}

@Book{ma:tense:Brillouin38,
  author = 	 "Brillouin, L.",
  title = 	 "Les tenseurs en m\'ecanique et en \'elasticit\'e.",
  publisher = 	 "Masson",
  year = 	 "1938"
}

Brillouin, L. Tensors in Mechanics and Elasticity . Translated by R. O. Brennan, S. J. Academic Press, New
York, 1964.


@Book{ma:tense:Brillouin64,
  author = 	 {Brillouin, L.},
  title = 	 {Tensors in Mechanics and Elasticity},
  publisher = 	 {Academic Press},
  year = 	 {1964}
}

%%%%%%%%%%%%%%%%%%%%%%%%%%%%%%%%%%%%%%%%%%%%%%%%%%%%%%%%%%%%%%%
% PHYSICS BIBLIOGRAPHY
%%%%%%%%%%%%%%%%%%%%%%%%%%%%%%%%%%%%%%%%%%%%%%%%%%%%%%%%%%%%%%%

@Book{ph:atmos:Bohren87,
  author = 	 "Bohren, C.F.",
  title = 	 "Clouds in a Glass of Beer: Simple Experiments in
		  Atmospheric Physics.",
  publisher = 	 "Wiley",
  year = 	 "1987"
}

@Book{ph:atmos:Triplet71,
  author = 	 "Triplet, J. P. and Roche, G.",
  title = 	 "M\'et\'eorologie g\'en\'erale",
  publisher = 	 "\'Ecole nationale de la m\'et\'eorologie",
  year = 	 "1971"
}

@Book{ph:atmos:Vaillant90,
  author = 	 "Vaillant, R.",
  title = 	 "M\'et\'eo plein ciel",
  publisher = 	 "tehnea",
  year = 	 "1990"
}


@Book{ph:atomi:Cagnac71f,
  author = 	 "Cagnac, B. and J. C. Pebay-Peyroula",
  title = 	 "Physique atomique",
  publisher = 	 "Dunod",
  year = 	 "1971",
  volume = 	 "1 et 2"
}

@Book{ph:atomi:Cagnac71,
  author = 	 "Cagnac, B. and J. C. Pebay-Peyroula",
  title = 	 "Modern atomic physics",
  publisher = 	 "Macmillan",
  year = 	 "1975"
}


@Book{ph:chemi:VanCleave89,
  author = 	 "VanCleave, J. ",
  title = 	 "Chemistry for <every kid",
  publisher = 	 "John Wiley \& Sons",
  year = 	 "1989",
}

@Book{ph:chimi:Didier,
  author = 	 "Didier",
  title = 	 "Chime g\'en\'erale",
  publisher = 	 "",
  year = 	 ""
}

@Book{ph:chimi:VanCleave89,
  author = 	 "VanCleave, J. ",
  title = 	 "Chemistry for every kid",
  publisher = 	 "John Wiley \& Sons",
  year = 	 "1989",
}


@Book{ph:cooki:Grosser81,
  author = 	 "Grosser, Arthur E.",
  title = 	 "the Cookbook decoder",
  publisher = 	 "Beaufort Book",
  year = 	 "1981",
  OPTnote = 	 "0-8253-0033-9"
}


@Book{ph:cooki:McGee84,
  author = 	 "McGee, H.",
  title = 	 "On Food and Cooking :The Science and Lore of the
		  Kitchen.",
  publisher = 	 "Collier Books.",
  year = 	 "1984",
  annote = 	 "{0-02-034621-2.}"
}

@Book{ph:cooki:McGee90,
  author = 	 "McGee, H.",
  title = 	 "The Curious Cook",
  publisher = 	 "North Point Press",
  year = 	 "1981",
  annote = 	 "{0-86547-452-4}"
}

@Book{ph:cooki:This93,
  author = 	 "This, H.",
  title = 	 "Les secrets de la casserole",
  publisher = 	 "Belin",
  year = 	 "1993"
}



@Book{ph:elect:Fournet,
  author = 	 "Fournet",
  title = 	 "",
  publisher = 	 "Masson",
  year = 	 ""
}

@Book{ph:elect:Jackson75,
  author = 	 "Jackson, J. D.",
  title = 	 "Classical electrodynamics",
  publisher = 	 "John Wiley",
  year = 	 "1975",
  edition = 	 "2",
  
}

@Book{ph:elect:LandauEle,
  author = 	 "Landau, L. D. and Lifshitz, E. M.",
  title = 	 "Electrodynamics of continuous media",
  publisher = 	 "Pergamon Press",
  year = 	 "1985"
}

@Book{ph:elect:Petit89,
  author = 	 "Petit, R.",
  title = 	 "Ondes \'electromagn\'etiques",
  publisher = 	 "Masson",
  year = 	 "1989"
}


@Book{ph:elect:VanBladel75,
  author = 	 "Van Bladel J.",
  title = 	 "Electromagnetic fields",
  publisher = 	 "Mac Graw-Hill",
  year = 	 "1975"
}


@Book{ph:fluid:Germain80,
  author = 	 "Germain, P. and Muller, P.",
  title = 	 "Introduction \`a la m\'ecanique des milieux continus",
  publisher = 	 "Masson",
  year = 	 "1980"
}

@Book{ph:fluid:LandauEla,
  author = 	 "Landau, L. D. and Lifshitz, E. M.",
  title = 	 "Theory of elasticity",
  publisher = 	 "Pergamon Press",
  year = 	 ""
}

@Book{ph:fluid:LandauFlu,
  author = 	 "Landau, L. D. and Lifshitz, E. M.",
  title = 	 "Fluid Mechanics",
  publisher = 	 "Pergamon Press",
  year = 	 "1959"
}

@Book{ph:fluid:Truesdell66,
  author = 	 "Truesdell, C.",
  title = 	 "The mechanical foundations of elasticity and fluid
		  dynamics", 
  publisher = 	 "Gordon and Breach",
  year = 	 "1966"
}

@Book{ph:foams:Adamson76,
  author = 	 "Adamson, A. W.",
  title = 	 "Physical chemistry of surfaces",
  publisher = 	 "John Wiley",
  year = 	 "1976"
}

@Article{ph:foams:Aubert86,
  author = 	 "Aubert, H. and Kraynik, A. M. and Rand, P.",
  title = 	 "Aqueous foams",
  journal = 	 "Sci. Am.",
  year = 	 "1986",
  volume = 	 "254",
  number = 	 "5",
  pages = 	 "58--66"
}

@Book{ph:foams:Bikerman73,
  author = 	 "Bikerman, J. J.",
  title = 	 "Foams",
  publisher = 	 "Springer",
  year = 	 "1973",
}


@Book{ph:foams:Okuzono95,
  author = 	 "T. Okuzono and K. Kawasaki",
  title = 	 " Intermittent flow behavior of random foams: 
                  A computer experiment on foam rheology",
  journal = 	 "Phys. Rev. E",
  year = 	 "1995",
  volume = 	 "51",
  pages = 	 "1246"
}

@Article{ph:foams:Princen83,
  author = 	 "Princen, H. M.",
  title = 	 "Rheology of foams and highly concentrated emulsions,
		  I elasticity properties and yield stress of a
		  cylindrical model system.",
  journal = 	 "Journal of colloid and interface science",
  year = 	 "1983",
  volume = 	 "91",
  number = 	 "1",
  pages = 	 "160-175",
  month = 	 "January"
}

@Book{ph:gener:Walker77,
  author = 	 "Walker, J.",
  title = 	 "The Flying Circus of Physics With Answers", 
  publisher = 	 "Wiley",
  year = 	 "1977"
}

@Book{ph:granu:Guyon94,
  author = 	 "Guyon, E. and Troadec, J.-P.",
  title = 	 "Du sac de billes au tas de sable",
  publisher = 	 "Odile Jacob",
  year = 	 "1994"
}

@Book{ph:liqcr:DeGennes74,
  author = 	 "De Gennes, P. G.",
  title = 	 "The physics of liquid crystals",
  publisher = 	 "Oxford science publication",
  year = 	 "1974"
}



@Article{ph:liqcr:Veyssie94,
  author = 	 "Veyssi\'e, M.",
  title = 	 "La mati\`ere molle : du yaourt au cristal liquide",
  journal = 	 "Science et avenir",
  number = 	 "99",
  pages = 	 "72-77",
  month = 	 "Dec."
}

@Book{ph:mater:Zallen83,
  author = 	 "Zallen, R.",
  title = 	 "The physics of amorphous solids",
  publisher = 	 "John Wiley",
  year = 	 "1983"}
 
@Book{ph:mater:Ziman79,
  author = 	 "Ziman, J.M.",
  title = 	 "Models of disorder",
  publisher = 	 "Cambridge",
  year = 	 "1979"}


@Book{ph:mecac:Goldstein80,
  author = 	 "Goldstein, H.",
  title = 	 "Classical mechanics",
  publisher = 	 "Addison-wesley",
  year = 	 "1980"
}




@Book{ph:mecac:Perez95,
  author = 	 "Perez",
  title = 	 "M\'ecanique. Point mat\'eriel, solides, fluides",
  publisher = 	 "Masson",
  year = 	 "1995"
}

@Book{ph:mecaq:Bohm93,
  author = 	 "Bohm, A.",
  title = 	 "Quantum mechanics. Foundations and applications.",
  publisher = 	 "Springer",
  year = 	 "1993",
  edition = 	 "3"
}

@Book{ph:mecaq:Cohen73f,
  author = 	 "Cohen-Tannoudji, C. and Diu, B. and {Lalo\"e}, F.",
  title = 	 "{M\'ecanique Quantique}",
  publisher = 	 "Hermann",
  year = 	 "1973"
}

@Book{ph:mecaq:Cohen73,
  author = 	 "Cohen-Tannoudji, C. and Diu, B. and {Lalo\"e}, F.",
  title = 	 "{Quantum Mechanics}",
  publisher = 	 "John Wiley \& Sons",
  year = 	 "1978"
}



@Book{ph:mecaq:Cohen87f,
  author = 	 "Cohen-Tannoudji, C. and Dupont-Roc, J. and Grynberg,
		  G.", 
  title = 	 "Photons et atomes; Introduction \`a
		  l'\'electrodynamique quantique",
  publisher = 	 "Inter\'Editions/ \'Editions du CNRS",
  year = 	 "1988"
}

@Book{ph:mecaq:Cohen87,
  author = 	 "Cohen-Tannoudji, C. and Dupont-Roc, J. and Grynberg,
		  G.", 
  title = 	 "Photons and atoms : Introduction to quantum
                    electrodynamics",
  publisher = 	 "John Wiley \& Sons",
  year = 	 "1989"
}


@Book{ph:mecaq:Cohen88f,
  author = 	 "Cohen-Tannoudji, C. and Dupont-Roc, J. and Grynberg,
		  G.", 
  title = 	 "Processus d'interaction entre photons et atomes",
  publisher = 	 "Inter\'Editions/ \'Editions du CNRS",
  year = 	 "1988"
}

@Book{ph:mecaq:Cohen88,
  author = 	 "Cohen-Tannoudji, C. and Dupont-Roc, J. and Grynberg,
		  G.", 
  title = 	 "Atom-photon interactions : Basic processes and
                   applications",
  publisher = 	 "John Wiley \& Sons",
  year = 	 "1992"
}


@Book{ph:mecaq:Rivail89,
  author = 	 "Rivail, J.-L.",
  title = 	 "\'El\'ements de chimie quantique \`a l'usage des
		  chimistes.", 
  publisher = 	 "Intereditions/\'Editions du CNRS",
  year = 	 "1989",
  series = 	 "Savoirs Actuels"
}



@Book{ph:mecaq:Pauling60,
  author = 	 {Pauling, L. C.},
  title = 	 {The Nature of the Chemical Bond and the Structure of
                   Molecules and Crystals; An Introduction to Modern
                   Structural Chemistry.},
  publisher = 	 {Cornell Univ Pr},
  year = 	 {1960},
}

@Book{ph:optic:Born65,
  author = 	 "Born, M. and Wolf, E.",
  title = 	 "Principles of optics",
  publisher = 	 "Pergamon Press",
  year = 	 "1965",
  edition = 	 "3"
}

@Book{ph:optic:Goodman68,
  author = 	 "Goodman, J.W.",
  title = 	 "Introduction to Fourier optics",
  publisher = 	 "McGraw-Hill",
  year = 	 "1968"
}

@Book{ph:parti:Valentin89,
  author = 	 "Valentin, L.",
  title = 	 "Noyaux et particules; Mod\`eles et sym\'etries",
  publisher = 	 "Hermann",
  year = 	 "1989"
}

@Book{ph:parti:Kane93,
  author = 	 "Kane, G.",
  title = 	 "Modern elementary particle physics : The fundamental
                    particles and forces",
  publisher = 	 "Addison-Wesley ",
  year = 	 "1993"
}


@Book{ph:physt:Arnold67,
  author = 	 "Arnold, V. I. and Avez, A.",
  title = 	 "Probl\`emes ergodiques de la m\'ecanique classique.",
  publisher = 	 "Gauthier-Villars",
  year = 	 "1967"
}

@Book{ph:physt:Boccara76,
  author = 	 "Boccara, N.",
  title = 	 "Sym\'etries bris\'ees",
  publisher = 	 "Hermann",
  year = 	 "1976"
}

@Book{ph:physt:Chaikin95,
  author = 	 "Chaikin P. M. and Lubensky T. C.",
  title = 	 "Principles of condensed matter physics",
  publisher = 	 "Cambridge University Press",
  year = 	 "1995"
}

@Book{ph:physt:Diu89f,
  author = 	 "Diu, B. and Guthmann, C. and Lederer, D. and Roulet,
		  B.", 
  title = 	 "Physique statistique",
  publisher = 	 "Hermann",
  year = 	 "1989"
}

@Book{ph:physt:Diu89,
  author = 	 "Diu, B. and Guthmann, C. and Lederer, D. and Roulet,
		  B.", 
  title = 	 "Physique statistique",
  publisher = 	 "Hermann",
  year = 	 "1989"
}


@Book{ph:physt:LandauCine,
  author = 	 "Lifshitz, E. M. and Pitaevskii",
  title = 	 "Physical cinetics",
  publisher = 	 "Pergamon Press",
  year = 	 "1981"
}

@Book{ph:physt:LandauSta,
  author = 	 "Landau, L. D. and Lifshitz, E. M.",
  title = 	 "Statistical physics",
  publisher = 	 "Pergamon Press",
  year = 	 ""
}

@Book{ph:physt:LeBellac88,
  author = 	 "Le Bellac M.",
  title = 	 "{Des ph\'enom\`enes critiques aux champs de jauge}",
  publisher = 	 "InterEditions/Editions du CNRS",
  year = 	 "1988"
}

@Book{ph:physt:March95,
  author = 	 "March, N. H. and Young, W. H. and Sampanthar, S.",
  title = 	 "The many-body problem in quantum mechanics",
  publisher = 	 "Dover",
  year = 	 "1995"
}



@Book{ph:physt:Mattuck92,
  author = 	 {Mattuck, R. D.},
  title = 	 {A Guide to Feynman Diagrams in the Many-Body
                    Problem},
  publisher = 	 {Dover},
  year = 	 {1992}
}

@Book{ph:physt:Pfeuty75,
  author = 	 "Pfeuty, P. and Toulouse, G.",
  title = 	 "Introduction to the renormalization group and to
		  critical phenomena",
  publisher = 	 "John Wiley",
  year = 	 "1975"
}

@Book{ph:physt:Reif64f,
  author = 	 "Reif, F.",
  title = 	 "Physique statistique",
  publisher = 	 "Armand Colin",
  year = 	 "1964",
  series = 	 "Berkeley : cours de physique"
}

@Book{ph:physt:Reif64,
  author = 	 "Reif, F.",
  title = 	 "Statistical physics",
  publisher = 	 "Mc Graw-Hill",
  year = 	 "1967",
  series = 	 "Berkeley physics course"
}

@Article{ph:physt:Shannon49,
  author = 	 "Shannon, C. E.",
  title = 	 "A Mathematical Theory of Communication",
  journal = 	 "The Bell System Technical Journal,",
  year = 	 "1948",
  volume = 	 "28",
  number = 	 "3",
  pages = 	 "379-423"
}

@Book{ph:plasm:Chen84,
  author = 	 "Chen, F. F.",
  title = 	 "Introduction to plasma physics and controlled fusion",
  publisher = 	 "Plenum Press",
  year = 	 "1984"
}

@Book{ph:plasm:Delcroix94,
  author = 	 "Delcroix, J.--L. and Bers, A.",
  title = 	 "Physique des plasmas",
  publisher = 	 "Inter\'editions/ CNRS",
  year = 	 "1994"
}

@Book{ph:ploym:Doi96,
  author = 	 {Doi, M.},
  title = 	 {Introduction to polymer physics},
  publisher = 	 {Oxford},
  year = 	 {1996}
}

@Book{ph:polym:DeGennes79,
  author = 	 "De Gennes, P. G.",
  title = 	 "Scaling concepts in polymer physics",
  publisher = 	 "Cornell university press",
  year = 	 "1979"
}

@Book{ph:polym:Flory79,
  author = 	 "Flory, P. J.",
  title = 	 "Statistical mechanics of chain molecules",
  publisher = 	 "Interscience",
  year = 	 "1979"
}

@Article{ph:polym:James49,
  author = 	 "James, H. M. and Guth, E.",
  OPTjournal = 	 "J. Polymer Sc",
  OPTyear = 	 "1949",
  OPTvolume = 	 "4",
  OPTpages = 	 "153"
}

@Book{ph:quasi:Jaric88,
  author = 	 "Jari\'c M. V.",
  title = 	 "Introduction to quasicrystals",
  publisher = 	 "Academic",
  year = 	 "1988"
}


@Article{ph:quasi:Pignon94,
  author = 	 "Pignon, D.",
  title = 	 "Deux d\'ecouvertes surprises : fuller\`enes et
		  quasi-cristaux", 
  journal = 	 "Science et vie",
  year = 	 "1994",
  number = 	 "99",
  pages = 	 "66-71",
  month = 	 "Dec."
}

@Book{ph:relat:Boudenot89,
  author = 	 "Boudenot, J.-C.",
  title = 	 "\'Electromagn\'etisme et gravitation relativiste",
  publisher = 	 "Ellipse",
  year = 	 "1989",
}



@Book{ph:relat:Clayton66,
  author = 	 {Clayton, D.},
  title = 	 {Principles of stellar evolution and nucleosynthesis},
  publisher = 	 {Mc Graw-Hill},
  year = 	 {1966},
}

@Book{ph:relat:Charon63,
  author = 	 "Charon, J.",
  title = 	 "Relativit\'e g\'en\'erale",
  publisher = 	 "Kister",
  year = 	 "1963"
}

@Book{ph:relat:Hakim94,
  author = 	 "Hakim, R.",
  title = 	 "Gravitation relativiste",
  publisher = 	 "Inter\'Editions/CNRS \'Editions",
  year = 	 "1994",
}

@book{ph:relat:Misner73g,
   author =    {Charles W. Misner and Kip S. Thorne and John Archibald Wheeler},
   title =     {Gravitation},
   year =      1973,
   publisher = {W. H. Freeman and Company},
}


@book{ph:relat:wald84,
 Author = "Wald, Robert M.",
 Title = "General relativity",
 Publisher = "Univ. of Chicago Press",
 Year = "1984",
 Pages = "491"
}
@BOOK{ph:relat:Wasserman92,
    AUTHOR    = "Robert H. Wasserman",
    TITLE     = "Tensors and Manifolds with Applications to Mechanics 
                 and relativity",  
    PUBLISHER = "Oxford",
    ADDRESS   = "NY",
    YEAR      = "1992"
    }


@Book{ph:relat:Weinberg72,
  author = 	 {Weinberg, S.},
  title = 	 {Gravitation and cosmology},
  publisher = 	 {John Wiley},
  year = 	 {1972},
}

@Book{ph:relat:Weinberg94,
  author = 	 {Weinberg, S.},
  title = 	 {Dreams of a final theory},
  publisher = 	 {Vintage Books},
  year = 	 {1994},
}

@Book{ph:relat:Weinberg93,
  author = 	 {Weinberg, S.},
  title = 	 {The First Three Minutes : A Modern View of the Origin
                    of the Universe},
  publisher = 	 {Basic Books},
  year = 	 {1993},
}



@Book{ph:solid:Ashcroft76,
  author = 	 "Ashcroft, N. W. and Mermin, N. D.",
  title = 	 "Solid state physics",
  publisher = 	 "Saunders college",
  year = 	 "1976"
}

@Book{ph:solid:Callaway64,
  author = 	 "Callaway, J.",
  title = 	 "Energy band theory",
  publisher = 	 "Academic Press",
  year = 	 "1964"
}

@Book{ph:solid:Kittel67,
  author = 	 "Kittel, C.",
  title = 	 "Introduction to solid state physics",
  publisher = 	 "John Wiley",
  year = 	 "1967"
}

@Book{ph:sping:Chowdhury,
  author = 	 "Chowdhury, D.",
  title = 	 "Spin glasses and other frustrated systems",
  publisher = 	 "world",
  year = 	 "1986"}


@Book{ph:sping:Mezard87,
  author = 	 "Mezard, M. and Parisi, G. and Virasoro, M.",
  title = 	 "Spin Glass Theory and beyond",
  publisher = 	 "World Scientific",
  year = 	 "1987"}


