%/d2/local/lib/tex/inputs/bib

%******** Publishers ********
@String{academic = "Academic Press"}
%[New York]

@String{hilger =   "Adam Hilger"}

@String{addison =   "Addison-Wesley"}
%[Wokingham, England]

@String{elsevier =  "American Elsevier Publishing Company"}
%[New York/Amsterdam]

@String{aip =       "American Institute of Physics"}
%[New York]

@String{colin =   "Armand Colin"}

@String{cambridge = "Cambridge University Press"}
%[Cambridge MA]

@String{consultants =  "Consultannts Bureau"}
%[New York]

@String{dover =      "Dover Press"}
%[New York]

@String{dunod =      "Dunod"}

@String{eyrolles =   "Eyrolles"}

@String{gordon =     "Gordon  and Breach"}

@String{ieee =       "IEEE Press"}
%[Los Alamitos, CA]

@String{cnrs  =      "InterEditions et Editions du CNRS"}

@String{wiley =      "John Wiley \& Sons"}

@String{kluwer =     "Kluwer Academic Publishers"}
%[Assinippi Park, Norwell, MA]

@String{erlbaum =    "Lawrence Erlbaum Associates"}
%[Hillsdale, NJ]

@String{masson =     "Masson"}

@String{mcgraw =     "McGraw Hill"}

@String{mit =        "MIT Press"}
%[Cambridge, MA]


@String{morgan =     "Morgan Kaufmann"}
%[San Mateo, CA]


@String{nholland =   "North Holland"}
%[New York/Amserdam]

@String{nyas     =   "New York Academy of Sciences"}
%[New York, NY]

@String{oxford =     "Oxford University Press"}
%[New York]
@String{plenum =     "Plenum Press"}

@String{prentice =   "Prentice-Hall"}
%[Englewood Cliffs, NJ]

@String{raven =      "Raven Press"}
%[New York]

@String{springer =   "Springer-Verlag"}
%[Berlin/New York]

@String{vch =        "VCH"}
%[Weinheim]

@String{world  =     "World Scientific"}
%[Singapore]


@String{elsevier = "American Elsevier Publishing Company"}
%[New York/Amsterdam]

@String{freeman = "W.H. Freeman and Company"}
%[San Francisco]



%**************** Revues Physiques ****************
@String{as  = "American Scientist"}

@String{anp = "Ann. Phys."}

@String{cpam="Communications on pure and applied mathematics"}

@String{el  = "Europhys. Lett."}

@String{ijmp= "Intern. J. Mod. Phys. C"}

@String{jnls = "J. Nonlin. Sci."}

@String{josaA = "J. Opt. Soc. Am. A"}

@String{jsp = "J. Stat. Phys."}

@String{jpa = "J. Phys. A"}

@String{jpI = "J. Phys. I"}

@String{jpl = "J. Phys. Lett."}

@String{lr  = "La Recherche"}

@String{nat = "Nature"}

@String{npB = "Nuclear Phys. B"}

@String{pha = "Physica A"}

@String{phd = "Physica D"}

@String{ps  = "Physica Scripta"}

@String{prp = "Phys. Rep."}

@String{prl = "Phys. Rev. Lett."}

@String{pra = "Phys. Rev. A"}

@String{prb = "Phys. Rev. B"}

@String{pre = "Phys. Rev. E"}

@String{pla = "Phys. Lett. A"}

@String{pht = "Physics Today"}

@String{pls = "Pour la Science"}

@String{ptp = "Prog. Theor. Phys."}

@String{rsi = "Rev. Sci. Inst. "}

@String{rmp = "Rev. Mod. Phys. "}

@String{sci = "Science"}

@String{jam = "SIAM J. Appl. Math."}

@String{zpB = "Z. Phys. B"}

% *************** Revues de reseaux de neurones *************
@String{neucomp = "Neural Computation"}

@String{biocyb = "Biological Cybernetics"}

@String{nnets = "Neural Networks"}

@String{net = "Network: Computation in Neural Systems"}

%@String{pnas = "Proceedings of the National Academy of Sciences"}
@String{pnas = "Proc. Natl. Acad. Sci. USA"}

@String{comsys = "Complex Systems"}

@String{jmathb = "Journal of the Mathematical Biology"}

@String{ieeetrnn = "IEEE Transactions on Neural Networks"}

@String{ieeetrsmc = "IEEE Transactions on Systems, Man and Cybernetics"}

@String{ieeetrsp = "IEEE Transactions on Computation"}

@String{ieeetrsc = "IEEE Transactions on Signal Processing"}

@String{ijns = "International Journal of Neural Systems"}

@String{prsb = "Proc.\ of the Royal Soc.\ of London B"}

@String{kyb = "Kybernetik"}


%******************* Revues de Neurosciences,etc.... **********
@String{jneuro = "Journal of Neuroscience"}

@String{arevneuro = "Ann. Rev. Neuro."}

@String{cogsci = "Cognitive Science"}

@String{cogpsych = "Cognitive Psychology"}

@String{psyrev = "Psychological Review"}

@String{physrev = "Physiol. Review"}

@String{jneurophys = "Journal of Neurophysiology"}

@String{socneuabs = "Society for Neuroscience Abstracts"}

@String{bj = "Biophys. Journal"}

@String{bp = "Biophys."}

@String{jcneuro = "Journal of the Computational Neuroscience"}

@String{bres = "Brain Research"}

@String{psybio = "Psychobiology"}

@String{bmp = "Bull. Math. Biophys."}

@String{jtb = "J. Theor. Biol."}

@String{jphys = "J. Physiol."}

@STRING{advp="Adv. Phys."}
@STRING{ajp="Am. J. Phys."}
@STRING{ao="Appl. Opt."}
@STRING{ap="Ann. Phys."}
@STRING{apj="Astrophys. J."}
@STRING{apl="Appl. Phys. Lett."}
@STRING{baps="Bull. Am. Phys. Soc."}
@STRING{cpl="Chin. Phys. Lett."}
@STRING{cpc="Computer Phys. Comm."}
@STRING{cppcf="Comments Plasma Phys. Controlled Fusion"}
@STRING{cpp="Contrib. Plasma Phys."}
@STRING{el="Europhys. Lett."}
@STRING{fed="Fusion Eng. Design"}
@STRING{ft="Fusion Tech."}
@STRING{ger="Gen. Elect. Rev."}
@STRING{ieeens="IEEE Trans. Nucl. Sci."}
@STRING{ieeeps="IEEE Trans. Plasma Sci."}
@STRING{ijimw="Int. J. Infrared Millimeter Waves"}
@STRING{ip="Infrared Phys."}
@STRING{jap="J. Appl. Phys."}
@STRING{jchp="J. Chem. Phys."}
@STRING{jcop="J. Comput. Phys."}
@STRING{jcp="J. Comput. Phys."}
@STRING{jetp="Sov. Phys.-JETP"}
@STRING{jfe="J. Fusion Energy"}
@STRING{jfm="J. Fluid Mech."}
@STRING{jgr="J. Geophys. Res."}
@STRING{jjap="Jap. J. Appl. Phys."}
@STRING{jmp="J. Math. Phys."}
@STRING{jne="J. Nucl. Energy"}
@STRING{jnec="J. Nucl. Energy, Part~C"}
@STRING{jnm="J. Nucl. Mater."}
@STRING{josa="J. Opt. Soc. Am."}
@STRING{jpa="J. Phys.~A: Math. Gen."}
@STRING{jpd="J. Phys.~D: Appl. Phys."}
@STRING{jpp="J. Plasma Phys."}
@STRING{jpsj="J. Phys. Soc. Jpn"}
@STRING{jsp="J. Stat. Phys."}
@STRING{jvst="J. Vac. Sci. Technol."}
@STRING{nedf="Nucl. Eng. Design/Fusion"}
@STRING{nf="Nucl. Fusion"}
@STRING{nfpp="Nucl. Fusion Plasma Phys."}
@STRING{nim="Nucl. Instrum. Methods"}
@STRING{nimpr="Nucl. Instrum. Methods Phys. Research"}
@STRING{nt/f="Nucl. Tech./Fusion"}
@STRING{phy="Physica"}
@STRING{phya="Physica~A"}
@STRING{phyd="Physica~D"}
@STRING{pf="Phys. Fluids"}
@STRING{pfa="Phys. Fluids~A"}
@STRING{pfb="Phys. Fluids~B"}
@STRING{pl="Phys. Lett."}
@STRING{pla="Phys. Lett.~A"}
@STRING{prep="Phys. Rep."}
@STRING{pnas="Proc. Nat. Acad. Sci. USA"}
@STRING{pp="Plasma Phys."}
@STRING{ppl="Phys. Plasmas"}
@STRING{php="Phys. Plasmas"}
@STRING{ppcf="Plasma Phys. Controlled Fusion"}
@STRING{pr="Phys. Rev."}
@STRING{pra="Phys. Rev.~A"}
@STRING{prl="Phys. Rev. Lett."}
@STRING{prsla="Proc. Roy. Soc. London A"}
@STRING{ps="Physica Scripta"}
@STRING{psst="Plasma Sources Sci. Technol."}
@STRING{rmp="Rev. Mod. Phys."}
@STRING{rsi="Rev. Sci. Instrum."}
@STRING{sjpp="Sov. J. Plasma Phys."}
@STRING{spd="Sov. Phys.-Dokl."}
@STRING{sptp="Sov. Phys.-Tech. Phys."}
@STRING{spu="Sov. Phys.-Usp."}
@STRING{spjetp="Sov. Phys. JETP"}
@STRING{znf="Z. Naturforsch."}

%%%%%%%%%%%%%%%%%%%%%%%%%%%%%%%%%%%%%%%%%

%%%%%%%%%%%%%%%%%%%%%%%%%%%%%%%%%%%%%%%%%


   @Article{Stuart,
  author = 	 "J. T. Stuart",
  title = 	 "On the nonlinear mechanics of wave disturbances in
 stable and unstable parallel flows, Part 1. The basic behaviour in 
plane Poiseuille flow",
  journal = 	 "J. Fluid Mech.",
  year = 	 "1960",
  volume = 	 "9",
  pages = 	 "353-370"
}


@Article{Watson,
  author = 	 "J. Watson",
  title = 	 "On the nonlinear mechanics of wave disturbances in
 stable and unstable parallel flows, Part 1. The development
of a solution for plane Poiseuille and for plane Couette flow",
  journal = 	 "J. Fluid Mech.",
  year = 	 "1960",
  volume = 	 "9",
  pages = 	 "371-389"
}


@Article{Herbert,
  author = 	 "T. Herbert",
  title = 	 "On perturbation methods in nonlinear stability
theorry",
  journal = 	 "J. Fluid Mech.",
  year = 	 "1983",
  volume = 	 "126",
  pages = 	 "167-186"
}

@Article{Hasegawa77,
  author = 	 "A. Hasegawa and K. Mima",
  title = 	 "Stationary spectrum of strong turbulence in
		  magnetized nonuniform plasma",
  journal = 	 prl,
  year = 	 "1977",
  volume = 	 "39",
  number = 	 "4",
  pages = 	 "205-208",
  month = 	 "July"
}


@Book{Arnold89,
  author = 	 "Arnold, V. I. and Avez, A.",
  title = 	 "Ergodic problems of classical mechanics",
  publisher = 	 "Addison-Wesley",
  year = 	 "1989"
}

@Book{Arnoldf,
  author = 	 "V. Arnold",
  title = 	 "Geometrical methods in the theory of ordinary
		  differential equations",
  publisher = 	 "Springer-Verlag",
  year = 	 "1983"
}

@Book{Arnold,
  author = 	 "V. Arnold",
  title = 	 "Chapitres supp\'ementaires de la th\'eorie
des \'equations diff\'erentielles orrdinaires",
  publisher = 	 "Mir Moscou",
  year = 	 "1980"
}

@Book{Craick,
  author = 	 "A. D. D. Craik",
  title = 	 "Wave interactions and fluid flows",
  publisher = 	 "Cambridge University Press",
  year = 	 "1985"
}

@Article{Zufiria,
  author = 	 "J. A. Zufiria",
  title = 	 "Oscillatory spatially periodic weakly nonlinear
gravity waves on deep water",
  journal = 	 "J. Fluid Mech.",
  year = 	 "1988",
  volume = 	 "191",
  OPTpages = 	 "341-372"
}

@Article{Iooss,
  author = 	 "G. Iooss and J. E. Los ",
  title = 	 "Quasi-genericity of bifurcations to high
dimensional invariant tori for maps",
  journal = 	 "Comm. Math. Phys.",
  year = 	 "1988",
  volume = 	 "119",
  OPTpages = 	 "453-500"
}

@Article{Duncan93,
     author =       "P. Duncan and M. G. Rusbridge",
     title =        "The amplitude correlation method for the study of nonlinear interactions of plasma waves",
     journal =      "Plasma Phys. Control. Fusion",
     volume =       "35",
     pages =        "825",
     year =         "1993"
   }


   @Article{Crossley92,
     author =       "F. J. Crossley and P. Uddholm and P. Duncan and M. Khalid and M. G. Rusbridge",
     title =        "Experimental study of drift--wave saturation in quadrupole geometry",
     journal =      "Plasma Phys. Control. Fusion",
     volume =       "34",
     pages =        "235",
     year =         "1992"
   }



   @Article{Pecseli93,
     author =       "H. L. P\'ecseli and J. Trulsen",
     title =        "On the interpretation of experimental methods for investigating nonlinear wave phenomena",
     journal =      "Plasma Phys. Control. Fusion",
     volume =       "35",
     pages =        "1701--1715",
     year =         "1993"
   }

   @Article{Haucke87,
     author =       "H. Haucke and R. Ecke",
     title =        "Mode-locking and chaos in Raleigh-{B}\'enard
                    convection",
     journal =      "Physica D",
     volume =       "25",
     pages =        "307--327",
     year =         "1987",
     keywords =     "chaos, mode-locking, Rayleigh-B\'enard hydrodynamics",
   }
@Article{DuBois80,
     author =       "M. DuBois and P. Berg\'e",
     title =        "Experimental evidence for the oscillators in a
                    convective biperiodic regime.",
     journal =      "Phys. Lett. A",
     volume =       "76",
     pages =        "53",
     year =         "1980",
     keywords =     "oscillator, experiment",
   }

@Article{Jensen83a,
     author =       "M. H. Jensen and P. Bak and T. Bohr",
     title =        "Complete devil's staircase, fractal dimension, and
                    universality of mode-locking structure in the circle
                    map",
     journal =      "Phys. Rev. Lett.",
     volume =       "50",
     pages =        "1637--1639",
     year =         "1983",
     keywords =     "circle map, devil's staircase, dimension, fractal
                    mode, universal, mode locking, locking",
   }

   @Article{Bak85,
     author =       "P. Bak and T. Bohr and M. H. Jensen",
     title =        "Mode-locking and the transition to chaos in
                    dissipative systems",
     journal =      "Physica Scripta",
     volume =       "9",
     pages =        "50",
     year =         "1985",
     keywords =     "B+, chaos, dissipative, locking, mode, transition",
   }

   @Article{Bak84,
     author =       "P. Bak and T. Bohr and M. H. Jensen and P. V.
                    Christiansen",
     title =        "Josephson junctions and circle maps",
     journal =      "Solid State Commun.",
     volume =       "51",
     pages =        "231--234",
     year =         "1984",
     keywords =     "circle map, +Kapitaniak",
   }

   @Article{Bohr84,
     author =       "T. Bohr and P. Bak and M. H. Jensen",
     title =        "Transition to chaos by interaction of resonances in
                    dissipative systems. {II}. Josephson junctions
                    charge-density waves, and standard maps.",
     journal =      "Phys. Rev. A",
     volume =       "30",
     pages =        "1970",
     year =         "1984",
     keywords =     "chaos, dissipative, map, transition",
   }

   @Article{Jensen84b,
     author =       "M. H. Jensen and P. Bak and T. Bohr",
     title =        "Transition to chaos by interaction of resonances in
                    dissipative systems. 1. Circle maps",
     journal =      "Phys. Rev. A",
     volume =       "30",
     pages =        "1960--1969",
     year =         "1984",
     keywords =     "chaos, circle map, dissipative, transition",
   }

@Article{Bishop86a,
     author =       "A. R. Bishop and M. G. Forest and D. W. McLaughlin and
                    E. A. Overman",
     title =        "A quasiperiodic route to chaos in a near-integrable
                    partial differential equation",
     journal =      "Physica D",
     volume =       "23",
     pages =        "293--328",
     year =         "1986",
     keywords =     "chaos, ?",
   }

@Article{Bishop88,
     author =       "A. R. Bishop and D. W. McLaughlin and M. G. Forest E.
                    A. Overman II",
     title =        "Quasiperiodic route to chaos in a near-integrable
                    {PDE}: homoclinic crossings",
     journal =      "Phys. Lett. A",
     volume =       "127",
     pages =        "335",
     year =         "1988",
     keywords =     "chaos, homoclinic, pde",
   }
@Article{Satoh91a,
     author =       "Kazuhiro Satoh",
     title =        "Quasiperiodic route to chaos in a coupled logistic
                    map.",
     journal =      "J. Phys. Soc. Jpn.",
     volume =       "60",
     number =       "2",
     pages =        "718--719",
     year =         "1991",
     keywords =     "CHAOTIC SYSTEMS, COUPLING, MAPPING, MAPS, PHASE
                    DIAGRAMS,",
   }



@Article{Umberger86,
     author =       "Umberger and J. D. Farmer and Satija",
     title =        "A universal strange attractor underlying the
                    quasiperiodic transition to chaos.",
     journal =      "Phys. Lett. A",
     volume =       "114",
     pages =        "341",
     year =         "1986",
     keywords =     "attractor, chaos, chaotic system, strange, strange
                    attractor, transition, universal",
   }

@Article{Shenker82,
     author =       "S. J. Shenker",
     title =        "Scaling behavior in a map of a circle onto itself.
                    Empirical results.",
     journal =      "Physica D",
     volume =       "5",
     pages =        "405--411",
     year =         "1982",
     keywords =     "map, scaling",
   }
@Article{Yazaki87,
     author =       "T. Yazaki and S. Takashima and F. Mizutami",
     title =        "Complex quasiperiodic and chaotic states observed in
                    thermally induced oscillations of gas columns",
     journal =      "Phys. Rev. Lett.",
     volume =       "58",
     pages =        "1108--1111",
     year =         "1987",
     keywords =     "chaotic, oscillation",
   }

@Article{Stavans85,
     author =       "J. Stavans and F. Helsot and A. Libchaber",
     title =        "Fixed winding number and the quasiperiodic route to
                    chaos in a convective fluid",
     journal =      "Phys. Rev. Lett.",
     volume =       "55",
     pages =        "596",
     year =         "1985",
     keywords =     "chaos, winding number, hydrodynamic, route to chaos",
   }


@article{Madon96,
     AUTHOR="Madon, A. and Klinger, T.",
     TITLE="Spatiotemporal bifurcations in plasma drift-waves.",
     JOURNAL="Physica D",
     year =  "1996",
     pages="301-316"}


@Article{Madonsub,
  author = 	 "Madon, A. and Klinger, T.",
  title = 	 "A model for the bifurcations in plasma drift-waves",
  OPTjournal = 	 "Physica D",
  OPTnote = 	 "submitted"
}



@article{LimaCom,AUTHOR="Aubry,N. and Guyonnet,R. and Lima, R.
",TITLE="Spatiotemporal analysis of complex signals : theory and
applications ",JOURNAL=jsp,YEAR="1991",VOLUME="64",NUMBER="34",
PAGES="683-739"}

@article{LimaSym,AUTHOR="Aubry,N. and Guyonnet,R. and Lima, R.
",TITLE="Spatio-temporal symmetries and bifurcations via 
bi-orthogonal
decompositions",JOURNAL=jnls,YEAR="1992",VOLUME="2",NUMBER="",
PAGES="183-215"}


@Article{LimaMod,
  author = 	 "Aubry, N.  and Lima, R.",
  title = 	 "Spatio-temporal modulations and the route to
		  turbulence : application to modulated travelling waves",
  journal = 	 "Chaos",
  YEAR    = 1995
}

@ARTICLE{carreras92,
      AUTHOR  = {B. A. Carreras},
      TITLE   = {Transport Mechanisms Acting in Toroidal Devices: 
                 A Theoretican's View},
      JOURNAL = ppcf,
      VOLUME  = 34,
      NUMBER  = 13,
      YEAR    = 1992,
      PAGES   = "1825--1836"}

@Article{hohenberg93,
  author = 	 "Cross, M. C. and Hohenberg, P. C.",
  title = 	 "Pattern formation outside of equilibrium",
  journal = 	 rmp,
  year = 	 "1993",
  volume = 	 "65",
  month = 	 "July"
}

@Article{chow95,
  author = 	 "Chow, Carson C.",
  title = 	 "Spatiotemporal chaos in nonintegrable three-wave interactions",
  journal = 	 phd,
  year = 	 "1995",
  volume = 	 "81",
  pages = 	 "237-270"
}


@Article{ellis71,
   author = 	 "Ellis, R. F. and Mottey, R. W.",
   title = 	 "Collisional drift instability driven by an axial
 		  current",
   journal = 	 prl,
   year = 	 "1971",
   volume =      "27",
   number =      "22",
   pages = 	 "1476-1499"
}

@ARTICLE{ellis80,
      AUTHOR  = {R. F. Ellis and E. Marden-Marshall and R. Majeski},
      TITLE   = {Collisional Drift Instability of a Weakly Ionized Argon Plasma},
      JOURNAL = {Plasma Physics},
      YEAR    = 1980,
      VOLUME  = 22,
      PAGES   = "113-132"}


@Book{Henrici,
  author = 	 "Henrici, P",
  title = 	 "Applied and Computational Complex Analysis",
  publisher = 	 wiley,
  year = 	 "1974",
  volume = 	 "1"
}


@Article{hendel68,
  author = 	 "Hendel, H. W. and Chu, T. K. and Politzev, P. A.",
  title = 	 "Collisional drift waves. Identification,
		  stabilization and enhanced plasma transport",
  journal = 	 pf,
  year = 	 "1968",
  OPTvolume = 	 "11",
  OPTpages = 	 "2426--2439"
}

@incollection{horton84,
      author    = "W. Horton",
      title     = "Drift Wave Turbulence and Anomalous Transport",
      booktitle = "Handbook of Basic Plasma Physics",
      volume    = 2,
      editor    = "A. A. Galeev and R. N. Sudan",
      publisher = "North-Holland Physics",
      address   = "Amsterdam",
      pages     = "383--449",
      chapter   = "6.4",
      year      = 1984}


@article{horton90,
      author    = "W. Horton",
      title     = "Nonlinear Drift Waves and Transport in Magnetized 
Plasmas",
      journal   = prep,
      volume    = 192,
      number    = "1-3",
      pages     = "1-177",
      year      = 1990}




@Article{kaup79,
  author = 	 "Kaup, D. J. and Reiman, A. and Bers, A.",
  title = 	 "Space-time evolution of nonlinear three-wave 
interactions. I. Interaction in a homogeneous medium",
  journal = 	 rmp,
  year = 	 "1979",
  volume = 	 "51",
  number = 	 "2",
  pages = 	 "275-309",
  month = 	 "April"
}


@InCollection{Bers,
  author = 	 "A. Bers",
  title = 	 "Linear waves and instabilities",
  booktitle =    "Les Houches - Plasma physics",
  publisher =    "Gordon and Breach Science Publisher",
  year = 	 "1975",
  editor = 	 "C. DeWitt and J. Peyraud",
  OPTpages = 	 "113-216"
}

@BOOK{krall,
      AUTHOR    = {N. A. Krall and A. W. Trivelpiece},
      TITLE     = {Principles of Plasma Physics},
      PUBLISHER = {McGraw-Hill},
      ADDRESS   = {Maidenhead (UK)},
      YEAR      = 1973}


@ARTICLE{latten95,
      author  = {A. Latten and T. Klinger and A. Piel and Th. Pierre},
      title   = {A Probe Array for the Investigation of
                 Spatio-Temporal Structures in Drift Wave Turbulence},
      journal = rsi,
      volume  = 66,
      number  = 5,
      year    = 1995,
      pages   = {3254--3262}} 



@article{limpaecher73,
         author  = "R. Limpaecher and K. R. {MacKenzie}",
         title   = "Magnetic Multipole Containment Of Large Uniform 
                    Collisionless Quiescent plasmas",
         journal = rsi,
         year    = 1973,
         volume  = 44, 
         pages   = 726} 


@Article{Mermin,
  author = 	 "Mermin, N. D.",
  title = 	 "The topological theory of defects in ordered media",
  journal = 	 rmp,
  year = 	 "1979",
  volume = 	 "51",
  number = 	 "3",
  pages = 	 "591-648"
}

@BOOK{nicholson,
      AUTHOR    = {D. R. Nicholson},
      TITLE     = {Introduction to Plasma Theory},
      PUBLISHER = {Wiley},
      ADDRESS   = {New York},
      YEAR      = 1983}


@ARTICLE{pierre86,
         AUTHOR  = {T. Pierre and G. Leclert and F. Braun},
         TITLE   = {Magnetized Double-Plasma Device for Wave Studies},
         JOURNAL = {Rev. Sci. Instrum.},
         VOLUME  = 58,
         YEAR    = 1987,
         PAGES   = "6-11"}


@BOOK{tsytovich,
      AUTHOR    = "V. N. Tsytovich",
      TITLE     = "An Introduction to the Theory of Plasma Turbulence",
      PUBLISHER = "Pergamon Press",
      ADDRESS   = "Oxford",
      YEAR      = 1972}

@ARTICLE{wagner93,
      AUTHOR  = {F. Wagner and U. Stroth},
      TITLE   = {Transport in toroidal devices - 
the experimentalist's view},
      JOURNAL = ppcf,
      VOLUME  = 35,
      YEAR    = 1993,
      PAGES   = "1321--1371"}


@book{Lumley,
AUTHOR="Lumley, John L., T",
TITLE="Stochastic tools in turbulence",
PUBLISHER=academic,
YEAR="1970"}



@ARTICLE{dudok94,
      AUTHOR  = {T. {Dudok de Wit} and A.-L. Pecquet and J.-C. 
      Vallet and R. Lima},
      TITLE   = {Analysis of plasma dynamics using the biorthogonal
decomposition},
      JOURNAL = php,
      Pages   = "3288",
      YEAR    = 1994}

@Article{Iizuka,
  author = 	 "S. Iizuka and T. Huld and H. L. P\'ecseli and J.
		  {Juul Rasmussen}",
  title = 	 "Forced organization of flute-type fluctuations by
		  convective cell injection",
  journal = 	 ppcf,
  year = 	 "1989",
  volume = 	 "31",
  number = 	 "5",
  pages = 	 "855--871"
}

