%/d2/local/lib/tex/inputs/bib

@String{mcgraw =     "McGraw Hill"}

@String{mit =        "MIT Press"}
%[Cambridge, MA]


@String{morgan =     "Morgan Kaufmann"}
%[San Mateo, CA]


@String{nholland =   "North Holland"}
%[New York/Amserdam]

@String{nyas     =   "New York Academy of Sciences"}
%[New York, NY]

@String{oxford =     "Oxford University Press"}
%[New York]
@String{plenum =     "Plenum Press"}

@String{prentice =   "Prentice-Hall"}
%[Englewood Cliffs, NJ]

@String{raven =      "Raven Press"}
%[New York]

@String{springer =   "Springer-Verlag"}
%[Berlin/New York]

@String{vch =        "VCH"}
%[Weinheim]

@String{world  =     "World Scientific"}
%[Singapore]


@String{elsevier = "American Elsevier Publishing Company"}
%[New York/Amsterdam]

@String{freeman = "W.H. Freeman and Company"}
%[San Francisco]



%**************** Revues Physiques ****************
@String{as  = "American Scientist"}

@String{wiley =      "John Wiley \& Sons"}

@String{kluwer =     "Kluwer Academic Publishers"}
%[Assinippi Park, Norwell, MA]

@String{erlbaum =    "Lawrence Erlbaum Associates"}
%[Hillsdale, NJ]

@String{masson =     "Masson"}



@String{academic = "Academic Press"}
%[New York]

@String{hilger =   "Adam Hilger"}

@String{addison =   "Addison-Wesley"}
%[Wokingham, England]

@String{elsevier =  "American Elsevier Publishing Company"}
%[New York/Amsterdam]

@String{aip =       "American Institute of Physics"}
%[New York]

@String{colin =   "Armand Colin"}

@String{anp = "Ann. Phys."}

@String{cpam="Communications on pure and applied mathematics"}

@String{el  = "Europhys. Lett."}

@String{ijmp= "Intern. J. Mod. Phys. C"}

@String{jnls = "J. Nonlin. Sci."}

@String{josaA = "J. Opt. Soc. Am. A"}

@String{jsp = "J. Stat. Phys."}

@String{jpa = "J. Phys. A"}

@String{jpI = "J. Phys. I"}

@String{jpl = "J. Phys. Lett."}

@String{lr  = "La Recherche"}

@String{nat = "Nature"}

@String{npB = "Nuclear Phys. B"}

@String{pha = "Physica A"}

@String{phd = "Physica D"}

@String{ps  = "Physica Scripta"}

@String{prp = "Phys. Rep."}

@String{prl = "Phys. Rev. Lett."}

@String{pra = "Phys. Rev. A"}

@String{prb = "Phys. Rev. B"}

@String{pre = "Phys. Rev. E"}

@String{pla = "Phys. Lett. A"}

@String{pht = "Physics Today"}

@String{pls = "Pour la Science"}

@String{ptp = "Prog. Theor. Phys."}

@String{rsi = "Rev. Sci. Inst. "}

@String{rmp = "Rev. Mod. Phys. "}

@String{sci = "Science"}

@String{jam = "SIAM J. Appl. Math."}

@String{zpB = "Z. Phys. B"}

% *************** Revues de reseaux de neurones *************
@String{neucomp = "Neural Computation"}

@String{biocyb = "Biological Cybernetics"}

@String{nnets = "Neural Networks"}

@String{net = "Network: Computation in Neural Systems"}

%@String{pnas = "Proceedings of the National Academy of Sciences"}
@String{pnas = "Proc. Natl. Acad. Sci. USA"}

@String{comsys = "Complex Systems"}

@String{jmathb = "Journal of the Mathematical Biology"}

@String{ieeetrnn = "IEEE Transactions on Neural Networks"}

@String{ieeetrsmc = "IEEE Transactions on Systems, Man and Cybernetics"}

@String{arevneuro = "Ann. Rev. Neuro."}

@String{cogsci = "Cognitive Science"}

@String{cogpsych = "Cognitive Psychology"}

@String{psyrev = "Psychological Review"}

@String{physrev = "Physiol. Review"}

@String{jneurophys = "Journal of Neurophysiology"}

@String{socneuabs = "Society for Neuroscience Abstracts"}

@String{bj = "Biophys. Journal"}

@String{bp = "Biophys."}

@String{jcneuro = "Journal of the Computational Neuroscience"}

@String{bres = "Brain Research"}

@String{psybio = "Psychobiology"}

@String{bmp = "Bull. Math. Biophys."}

@String{jtb = "J. Theor. Biol."}

@String{jphys = "J. Physiol."}

@STRING{advp="Adv. Phys."}
@STRING{ajp="Am. J. Phys."}
@STRING{ao="Appl. Opt."}
@STRING{ap="Ann. Phys."}
@STRING{apj="Astrophys. J."}
@STRING{apl="Appl. Phys. Lett."}
@STRING{baps="Bull. Am. Phys. Soc."}
@STRING{cpl="Chin. Phys. Lett."}
@STRING{cpc="Computer Phys. Comm."}
@STRING{cppcf="Comments Plasma Phys. Controlled Fusion"}
@STRING{cpp="Contrib. Plasma Phys."}
@STRING{el="Europhys. Lett."}
@STRING{fed="Fusion Eng. Design"}
@STRING{ft="Fusion Tech."}
@STRING{ger="Gen. Elect. Rev."}
@STRING{ieeens="IEEE Trans. Nucl. Sci."}
@STRING{ieeeps="IEEE Trans. Plasma Sci."}
@STRING{ijimw="Int. J. Infrared Millimeter Waves"}
@STRING{ip="Infrared Phys."}
@STRING{jap="J. Appl. Phys."}
@STRING{jchp="J. Chem. Phys."}
@STRING{jcop="J. Comput. Phys."}
@STRING{jcp="J. Comput. Phys."}
@STRING{jetp="Sov. Phys.-JETP"}
@STRING{jfe="J. Fusion Energy"}
@STRING{jfm="J. Fluid Mech."}
@STRING{jgr="J. Geophys. Res."}
@STRING{jjap="Jap. J. Appl. Phys."}
@STRING{jmp="J. Math. Phys."}
@STRING{jne="J. Nucl. Energy"}
@STRING{jnec="J. Nucl. Energy, Part~C"}
@String{cambridge = "Cambridge University Press"}
%[Cambridge MA]

@String{consultants =  "Consultannts Bureau"}
%[New York]

@String{dover =      "Dover Press"}
%[New York]

@String{dunod =      "Dunod"}

@String{eyrolles =   "Eyrolles"}

@String{gordon =     "Gordon  and Breach"}

@String{ieee =       "IEEE Press"}
%[Los Alamitos, CA]

@String{cnrs  =      "InterEditions et Editions du CNRS"}

@String{ieeetrsp = "IEEE Transactions on Computation"}

@String{ieeetrsc = "IEEE Transactions on Signal Processing"}

@String{ijns = "International Journal of Neural Systems"}

@String{prsb = "Proc.\ of the Royal Soc.\ of London B"}

@String{kyb = "Kybernetik"}


%******************* Revues de Neurosciences,etc.... **********
@String{jneuro = "Journal of Neuroscience"}

@STRING{jnm="J. Nucl. Mater."}
@STRING{josa="J. Opt. Soc. Am."}
@STRING{jpa="J. Phys.~A: Math. Gen."}
@STRING{jpd="J. Phys.~D: Appl. Phys."}
@STRING{jpp="J. Plasma Phys."}
@STRING{jpsj="J. Phys. Soc. Jpn"}
@STRING{jsp="J. Stat. Phys."}
@STRING{jvst="J. Vac. Sci. Technol."}
@STRING{nedf="Nucl. Eng. Design/Fusion"}
@STRING{nf="Nucl. Fusion"}
@STRING{nfpp="Nucl. Fusion Plasma Phys."}
@STRING{nim="Nucl. Instrum. Methods"}
@STRING{nimpr="Nucl. Instrum. Methods Phys. Research"}
@STRING{nt/f="Nucl. Tech./Fusion"}
@STRING{phy="Physica"}
@STRING{phya="Physica~A"}
@STRING{phyd="Physica~D"}
@STRING{pf="Phys. Fluids"}
@STRING{pfa="Phys. Fluids~A"}
@STRING{pfb="Phys. Fluids~B"}
@STRING{pl="Phys. Lett."}
@STRING{pla="Phys. Lett.~A"}
@STRING{prep="Phys. Rep."}
@STRING{pnas="Proc. Nat. Acad. Sci. USA"}
@STRING{pp="Plasma Phys."}
@STRING{ppl="Phys. Plasmas"}
@STRING{php="Phys. Plasmas"}
@STRING{ppcf="Plasma Phys. Controlled Fusion"}
@STRING{pr="Phys. Rev."}
@STRING{pra="Phys. Rev.~A"}
@STRING{prl="Phys. Rev. Lett."}
@STRING{prsla="Proc. Roy. Soc. London A"}
@STRING{ps="Physica Scripta"}
@STRING{psst="Plasma Sources Sci. Technol."}
@STRING{rmp="Rev. Mod. Phys."}
@STRING{rsi="Rev. Sci. Instrum."}
@STRING{sjpp="Sov. J. Plasma Phys."}
@STRING{spd="Sov. Phys.-Dokl."}
@STRING{sptp="Sov. Phys.-Tech. Phys."}
@STRING{spu="Sov. Phys.-Usp."}
@STRING{spjetp="Sov. Phys. JETP"}
@STRING{znf="Z. Naturforsch."}
