@Article{Abarbanel93b,
author   ="H. D. I. Abarbanel and R. Brown and J. L. Sidorowich and L. Sh.
          Tsimring",
title    ="The Analysis of Observed Chaotic Data in Physical Systems",
journal  ="Rev. Mod. Phys.",
volume   ="65",
pages    ="1331--1392",
year     ="1993",
keywords ="data analysis, reconstruction, Lyapunov, correlation dimension,
          Grassberger, Takens, prediction, filtering, (review), (c+)",
}


@Article{Abbott90,
  author = 	 "Abbott, L. F.",
  title = 	 "A network of oscillators",
  journal = 	 "J. Phys. A",
  year = 	 "1990",
  volume = 	 "23",
  pages = 	 "3835-3859"
}



@Article{Adam82,
  author = 	 "Adam, J. C. and Gourdin Serviniere, A. and Laval, G.",
  title = 	 "Efficiency of resonant absorption of electromagnetic
		  waves in an inhomogeneous plasma",
  journal = 	 "Phys. Fluids",
  year = 	 "1982",
  volume = 	 "25",
  number = 	 "2",
  pages = 	 "376--383"
}


@Article{Aitchison83,
  author = 	 "Aitchison, J.",
  title = 	 "Principal components analysis of compositional data",
  journal = 	 "Biometrika",
  year = 	 "1983",
  volume = 	 "70",
  pages = 	 "57-65",
}

@Article{Albano88,
  author = 	 "Albano, A. M. and Muench, J. and Schwartz, C.",
  title = 	 "Singular-value decomposition and the
		  Grassberger--Procaccia algorithm.",
  journal = 	 "Phys. Rev. E",
  year = 	 "1988",
  volume = 	 "38",
  number = 	 "6",
  pages = 	 "3017--3026"
}


@Article{Albrecht,
  author = 	 "B. Albrecht and H. Deutsch and R. W. Leven and C.
		  Wilke",
  title = 	 "Three-frequency quasiperiodicity and chaos in a neon
		  glow discharge",
  journal = 	 "Phys. Scr.",
  year = 	 "1993",
  volume = 	 "47",
  pages = 	 "196-203"
}





@Article{Ames73,
  author = 	 "Ames, W. F.",
  title = 	 "Some computation--steeples in fluid mechanics",
  journal = 	 "SIAM rev.",
  year = 	 "1973",
  volume = 	 "15",
  number = 	 "2",
  pages = 	 "525--552"
}

@Article{Aranson94,
author   ="I. Aranson and J. Levine and L. Tsimring",
title    ="Controlling spatiotemporal chaos",
journal  ="Phys. Rev. Lett.",
volume   ="72",
pages    ="2561--2564",
year     ="1994",
keywords ="controlling chaos, spatiotemporal chaos",
note     ="Shinbrot says: {"}In convectively unstable systems, controlled
          states can sweep instabilities away in a finite region.{"}",
}





@Article{Argoul89,
  author = 	 "Argoul, F. and Arn\'eodo, A. abd Grasseau, G. and
		  Gagne, Y. and Hpfinger, E. J. and Frisch, U.",
  title = 	 "Wavelet analysis of turbulence reveals the
		  multifractal nature of the Richardson cascade.",
  journal = 	 "Nature",
  year = 	 "1989",
  volume = 	 "338"
}




@Article{Arneodo88,
  author = 	 "Arneodo, A. and Grasseau, G. and Holschneider, M.",
  title = 	 "Wavelet transform of multifractals",
  journal = 	 prl,
  year = 	 "1988",
  volume = 	 "61",
  number = 	 "20",
  pages = 	 "2281--2284"
}





@Book{Arnold67,
  author = 	 "Arnold, V. I. and Avez, A.",
  title = 	 "Probl\`emes ergodiques de la m\'ecanique classique.",
  publisher = 	 "Gauthier-Villars",
  year = 	 "1967"
}

@Book{Arnold80,
  author = 	 "V. Arnold",
  title = 	 "Chapitres suppl\'ementaires de la th\'eorie des
		  \'equations diff\'erentielles ordinaires",  
  publisher = 	 "Mir Moscou",
  year = 	 "1980"
}

@Book{Arnold83,
  author = 	 "V. Arnold",
  title = 	 "Geometrical methods in the theory of ordinary
		  differential equations",
  publisher = 	 "Springer-Verlag",
  year = 	 "1983"
}





@Article{Arter94,
  author = 	 "Ater, W.",
  title = 	 "Particle--mesh modelling of drift--wave turbulence",
  journal = 	 "Comp. Phys. Comm.",
  year = 	 "1994",
  volume = 	 "79",
  pages = 	 "381--408"
}





@Book{Ashcroft76,
  author = 	 "Ashcroft, N. W. and Mermin, N. D.",
  title = 	 "Solid state physics",
  publisher = 	 "Saunders college",
  year = 	 "1976"
}

@Article{Aubry88,
  author = 	 "N. Aubry and P. Holmes and J. L. Lumley and E. Stone",
  title = 	 "The dynamics of coherent structures in the wall
		  region of a turbulent boundary layer",
  journal = 	 jfm,
  year = 	 "1988",
  volume = 	 "192",
  pages = 	 "115-173"
}

@Article{Aubry91a,
  author = 	 "N. Aubry and R. Guyonnet and R. Lima",
  title = 	 "Spatiotemporal analysis  of complex signals : theory
		  and applications",
  journal = 	 jsp,
  year = 	 "1991",
  volume = 	 "64",
  number = 	 "34",
  pages = 	 "683-739"
}


@Article{Aubry91b,
  author = 	 "N. Aubry and R. Guyonnet and R. Lima",
  title = 	 "Turbulence spectra",
  journal = 	 jsp,
  year = 	 "1991",
  volume = 	 "67",
  number = 	 "1/2",
  pages = 	 "203-228"
}

@Article{Aubry92,
  author = 	 "N. Aubry and R. Guyonnet and R. Lima",
  title = 	 "Spatio-temporal symmetries and bifurcations via
		  bi-orthogonal decompositions",
  journal = 	 jnls,
  year = 	 "1992",
  volume = 	 "2",
  pages = 	 "183-215"
}



@Article{Aubry94,
  author = 	 "N. Aubry and F. Carbone and R. Lima and S. Slimani",
  title = 	 "Wave propagation phenomena from a spatiotemporal
		  viewpoint : resonances and bifurcations",
  journal = 	 jsp,
  year = 	 "1994",
  volume = 	 "76",
  pages = 	 "1005-1043"
}

@Article{Aubry95a,
  author = 	 "N. Aubry and R. Lima",
  title = 	 "Spatiotemporal and statistical symmetries",
  journal = 	 "J. Stat. Phys.",
  year = 	 "1995",
  volume = 	 "81",
  number = 	 "3/4",
  pages = 	 "793-828"
}

@Article{Aubry95b,
  author = 	 "N. Aubry and R. Lima",
  title = 	 "The dynamics of spatiotemporal modulations",
  journal = 	 "Chaos",
  year = 	 "1995",
  volume = 	 "5",
  number = 	 "3",
  pages = 	 "578-588"
}

@Article{Auerbach92,
author   ="D. Auerbach and C. Grebogi and E. Ott and J. Yorke",
title    ="Controlling chaos in high dimensional systems",
journal  ="Phys. Rev. Lett.",
volume   ="69",
pages    ="3479--3482",
year     ="1992",
keywords ="controlling chaos, OGY, high-dimensional",
}


@Article{Bak84,
     author =       "P. Bak and T. Bohr and M. H. Jensen and P. V.
                    Christiansen",
     title =        "Josephson junctions and circle maps",
     journal =      "Solid State Commun.",
     volume =       "51",
     pages =        "231--234",
     year =         "1984",
     keywords =     "circle map, +Kapitaniak",
   }

  
@Article{Bak85,
     author =       "P. Bak and T. Bohr and M. H. Jensen",
     title =        "Mode-locking and the transition to chaos in
                    dissipative systems",
     journal =      "Phys. Scr.",
     volume =       "9",
     pages =        "50",
     year =         "1985",
     keywords =     "B+, chaos, dissipative, locking, mode, transition",
   }

@Article{Bak88a,
author  ="P. Bak and C. Tang and K. Wiesenfeld",
title   ="Self-organized criticality",
journal ="Phys. Rev. A",
volume  ="38",
pages   ="364--374",
year    ="1988"
}





@Article{Bakewell67,
  author = 	 "Bakewell, H. P. and Lumley, J. L.",
  title = 	 "Viscous sublayer and adjacent wall region in
		  turbulent pipe flow.",
  crossref =  "",
  key = 	 "",
  journal = 	 "Phys. Fluids",
  year = 	 "1967",
  volume = 	 "10",
  number = 	 "9",
  pages = 	 "1880--1889"
}

@Article{Baraniuk93,
  author = 	 "Baraniuk, R. G.",
  title = 	 "Signal transform covariant to scale changes",
  journal = 	 "Electronic Letters",
  year = 	 "1993",
  volume = 	 "29",
  number = 	 "19",
  pages = 	 "1675--1676"
}




@Article{Benjamin67,
  author = 	 "Benjamin, T. B. and Feir, J. E.",
  title = 	 "The desintegration of wave trains on deep water",
  journal = 	 "J. Fluid Mech.",
  year = 	 "1967",
  volume = 	 "27",
  pages = 	 "417--430"
}

@Article{Benkadda,
  author = 	 "Benkadda, S. and Dudok de Wit, T. and Endler, M.",
  title = 	 "Characterization of coherent structures in tokamak
		  edge turbulence"
}




@Book{Berge84,
  author = 	 "Berg\'e, P. and Pomeau, Y. and Vidal, Ch.",
  title = 	 "L'ordre dans le chaos",
  publisher = 	 "Hermann",
  year = 	 "1984"
}


@Article{Bernhardt94,
author   ="P. A. Bernhardt",
title    ="Communications using chaotic frequency modulation",
journal  ="Int. J. of Bifurcation and Chaos",
volume   ="4",
number   ="2",
pages    ="427--440",
year     ="1994",
keywords ="communications engineering, chaos",
}




@InCollection{Bers75,
  author = 	 "A. Bers",
  title = 	 "Linear waves and instabilities",
  booktitle =    "Les Houches - Plasma physics",
  publisher =    "Gordon and Breach Science Publisher",
  year = 	 "1975",
  editor = 	 "C. DeWitt and J. Peyraud",
  pages = 	 "113-216"
}

@Article{Bielawski94, 
 author="S. Bielawski and D. Derozier and P. Glorieux", 
 title=  "Controlling unstable periodic orbits by a delayed continuous
		  feedback ", 
 journal="Phys. Rev. E", 
 volume= "49", 
 pages="971--974", 
 year="1994", 
 keywords="controlling chaos, feedback, delayed feedback"
} 

@Article{Bishop86a,
     author =       "A. R. Bishop and M. G. Forest and D. W.
		  McLaughlin and E. A. Overman",
     title =        "A quasiperiodic route to chaos in a near-integrable
                    partial differential equation",
     journal =      "Physica D",
     volume =       "23",
     pages =        "293--328",
     year =         "1986",
     keywords =     "chaos, ?",
   }

@Article{Bishop88,
     author =       "A. R. Bishop and D. W. McLaughlin and M. G. Forest E.
                    A. Overman II",
     title =        "Quasiperiodic route to chaos in a near-integrable
                    {PDE}: homoclinic crossings",
     journal =      "Phys. Lett. A",
     volume =       "127",
     pages =        "335",
     year =         "1988",
     keywords =     "chaos, homoclinic, pde",
   }

@article{Bohr70,
     author =       "T. Bohr and P. Bak and M. H. Jensen",
     title =        "Transition to chaos by interaction of resonances in
                    dissipative systems. {II}. Josephson junctions
                    charge-density waves, and standard maps.",
     journal =      "Phys. Rev. A",
     volume =       "30",
     pages =        "1970",
     year =         "1984",
     keywords =     "chaos, dissipative, map, transition",
   }


@Article{Bonilla88,
  author = 	 "Bonilla, L. L.",
  title = 	 "Nonequilibrium statistical mechanics model showing
		  self-sustained oscillations",
  journal = 	 prl,
  year = 	 "1988",
  volume = 	 "60",
  number = 	 "14",
  pages = 	 "1398-1401"
}







@Book{Braginskii65,
  author = 	 "Braginskii, S. I.",
  title = 	 "Transport processes in a plasma",
  publisher = 	 "Consultant Bureau",
  year = 	 "1965",
  volume = 	 "1",
  series = 	 "Reviews of plasma physics"
}

@Article{Broomhead86,
  author = 	 "Bromhead, D. S. and King, G. P.",
  title = 	 "Extracting qualitative dynamics from experimental
		  data.",
  journal = 	 "Physica D",
  year = 	 "1986",
  volume = 	 "20",
  pages = 	 "217--236",
}


@Article{Broomhead91,
  author = 	 "Broomhead, D. S. and Indik, R. and Newell, A. C. and
		  Rand, D. A.",
  title = 	 "Local adaptive Galerkin bases for large-dimensional
		  systems", 
  journal = 	 "Nonlinearity",
  year = 	 "1991",
  volume = 	 "4",
  pages = 	 "159-197"
}


@Article{Bruhwiler91,
  author = 	 "Bruhwiler, D. L. and Cary, J. L.",
  title = 	 "Diffusion of trajectories in a simple Hamiltonian
		  system with slow periodic forcing",
  journal = 	 "Comp. Phys. Comm.",
  year = 	 "1991",
  volume = 	 "65",
  pages = 	 "52--56"
}

@ARTICLE{Carreras92,
      AUTHOR  = {B. A. Carreras},
      TITLE   = {Transport Mechanisms Acting in Toroidal Devices: 
                 A Theoretican's View},
      JOURNAL = ppcf,
      VOLUME  = 34,
      NUMBER  = 13,
      YEAR    = 1992,
      PAGES   = "1825--1836"}


@Article{Carroll93,
author   ="T. L. Carroll and L. M. Pecora",
title    ="Cascading synchronized chaotic systems",
journal  ="Physica D",
volume   ="67",
pages    ="126--140",
year     ="1993",
keywords ="synchronizing chaos, coupled systems",
}



@Article{Carroll93,
author   ="T. L. Carroll and L. M. Pecora",
title    ="Communicating with chaos",
journal  ="Naval Research Reviews",
volume   ="45",
pages    ="4-11",
year     ="1993"
}



@Article{Casda,
  author = 	 "M. Casdagli and D. D. Jardine and S. Eubank and J.
		  D. Farmer and J. Gibson and N. Hunter and J. Theiler",
  title = 	 "====="
}


@Book{Chaikin95,
  author = 	 "Chaikin P. M. and Lubensky T. C.",
  title = 	 "Principles of condensed matter physics",
  publisher = 	 "Cambridge University Press",
  year = 	 "1995"
}




@Article{Channell90,
  author = 	 "Channell, P. J. and Scovel, C.",
  title = 	 "Symplectic integration of hamiltonian systems",
  journal = 	 "Nonlinearity",
  year = 	 "1990",
  volume = 	 "3",
  pages = 	 "231--259"
}

@Article{Chate88,
author   ="Hugues Chat\'e and Paul Manneville",
title    ="Spatio-Temporal Intermittency in Coupled map lattices",
journal  ="Physica D",
volume   ="32",
pages    ="409--422",
year     ="1988",
keywords ="map, map-lattice, intermittency, cellular automata",
}

@Article{Chen64,
  author = 	 "Chen, F. F.",
  title = 	 "Normal modes for electrostatic ion waves in an
		  inhomogeneous plasma",
  journal = 	 "Phys. Fluids",
  year = 	 "1964",
  volume = 	 "7",
  number = 	 "7",
  pages = 	 "949--955"
}




@Article{Chen65,
  author = 	 "Chen, F. F.",
  title = 	 "Universal overstability of a resistive inhomogeneous
		  plasma", 
  journal = 	 "Phys. Fluids",
  year = 	 "1965",
  volume = 	 "8",
  number = 	 "7",
  pages = 	 "1323--1333"
}

@Book{Chen84,
  author = 	 "Chen, F. F.",
  title = 	 "Introduction to plasma physics and controlled fusion",
  publisher = 	 "Plenum Press",
  year = 	 "1984"
}




@Article{Chow92,
  author = 	 "Chow, C. C. and Ram, A. K.",
  title = 	 "Spatiotemporal chaos in the nonlinear three--wave
		  interaction", 
  journal = 	 prl,
  year = 	 "1992",
  volume = 	 "68",
  number = 	 "23",
  pages = 	 "3379--3382"
}

@Article{Chow95,
  author = 	 "Chow, C. C.",
  title = 	 "Spatiotemporal chaos in nonintegrable three-wave
		  interactions",
  journal = 	 phd,
  year = 	 "1995",
  volume = 	 "81",
  pages = 	 "237-270"
}




@Book{Cohen73,
  author = 	 "Cohen-Tannoudji, C. and Diu, B. and {Lalo\"e}, F.",
  title = 	 "{M\'ecanique Quantique}",
  publisher = 	 "Hermann",
  year = 	 "1973"
}

@Article{Coppersmith87,
  author = 	 "Coppersmith, S. N. and Littlewood, P. B.",
  title = 	 "Pulse-duration memory efect and deformable
		  charge-density waves",
  journal = 	 "Phys Rev B",
  year = 	 "1987",
  volume = 	 "36",
  number = 	 "1",
  pages = 	 "311-317"
}



@Article{Coppersmith90,
  author = 	 "Coppersmith, S. N.",
  title = 	 "Phase slips and the instability of the
		  Fukuyama--LeellRice model of charge--density waves",
  journal = 	 prl,
  year = 	 "1990",
  volume = 	 "65",
  number = 	 "8",
  pages = 	 "1044--1047"
}




@Article{Coullet89,
  author = 	 "Coullet, P. and Gil, L. and Lega, J.",
  title = 	 "Defect--mediated turbulence",
  journal = 	 prl,
  year = 	 "1989",
  volume = 	 "62",
  number = 	 "14",
  pages = 	 "1619--1622"
}







@Book{Courant24,
  author = 	 "Courant, R. and Hilbert, D.",
  title = 	 "Methoden der mathematischen Physik",
  publisher = 	 "Interscience Publishers",
  year = 	 "1924"
}

@Article{Craik71,
  author = 	 "Craik, A. D. D.",
  title = 	 "Non--linear resonant instability in boundary layers",
  journal = 	 "J. Fluid. Mech.",
  year = 	 "1971",
  volume = 	 "50",
  pages = 	 "393--413"
}

@Book{Craik85,
  author = 	 "A. D. D. Craik",
  title = 	 "Wave interactions and fluid flows",
  publisher = 	 "Cambridge University Press",
  year = 	 "1985"
}



@Article{Cros90,
  author = 	 "Cros, B. and Godiot, J. and Matthieusent, G.",
  title = 	 "Nonlinear effects and chaotic behavior at plasma
		  resonance", 
  journal = 	 "Phys. Fluids",
  year = 	 "1990",
  volume = 	 "2",
  number = 	 "5",
  pages = 	 "907--915"
}

@Article{Cross93,
  author = 	 "Cross, M. C. and Hohenberg, P. C.",
  title = 	 "Pattern formation outside of equilibrium",
  journal = 	 rmp,
  year = 	 "1993",
  volume = 	 "65",
  month = 	 "July"
}

@Article{Crossley92,
     author =       "F. J. Crossley and P. Uddholm and P. Duncan and
		  M. Khalid and M. G. Rusbridge", 
     title =        "Experimental study of drift--wave saturation in
		  quadrupole geometry", 
     journal =      "Plasma Phys. Control. Fusion",
     volume =       "34",
     pages =        "235",
     year =         "1992"
   }



@Article{Cuomo93b,
author  ="K. M. Cuomo and A. V. Oppenheim",
title   ="Circuit implementation of synchronized chaos with
		  applications to communications", 
journal ="Phys. Rev. Lett.",
volume  ="71",
number  ="1",
pages   ="65--68",
year    ="1993",
}




@Book{Dautray1,
  author = 	 "Dautray, R. and Lions, J.-L.",
  title = 	 "Analyse math\'ematique et calcul num\'erique",
  publisher = 	 "Masson",
  year = 	 "1987",
  volume = 	 "1"
}
@Book{Dautray2,
  author = 	 "Dautray, R. and Lions, J.-L.",
  title = 	 "Analyse math\'ematique et calcul num\'erique",
  publisher = 	 "Masson",
  year = 	 "1987",
  volume = 	 "2"
}
@Book{Dautray3,
  author = 	 "Dautray, R. and Lions, J.-L.",
  title = 	 "Analyse math\'ematique et calcul num\'erique",
  publisher = 	 "Masson",
  year = 	 "1987",
  volume = 	 "3"
}
@Book{Dautray4,
  author = 	 "Dautray, R. and Lions, J.-L.",
  title = 	 "Analyse math\'ematique et calcul num\'erique",
  publisher = 	 "Masson",
  year = 	 "1987",
  volume = 	 "4"
}
@Book{Dautray5,
  author = 	 "Dautray, R. and Lions, J.-L.",
  title = 	 "Analyse math\'ematique et calcul num\'erique",
  publisher = 	 "Masson",
  year = 	 "1987",
  volume = 	 "5"
}
@Book{Dautray6,
  author = 	 "Dautray, R. and Lions, J.-L.",
  title = 	 "Analyse math\'ematique et calcul num\'erique",
  publisher = 	 "Masson",
  year = 	 "1987",
  volume = 	 "6"
}
@Book{Dautray7,
  author = 	 "Dautray, R. and Lions, J.-L.",
  title = 	 "Analyse math\'ematique et calcul num\'erique",
  publisher = 	 "Masson",
  year = 	 "1987",
  volume = 	 "7"
}
@Book{Dautray8,
  author = 	 "Dautray, R. and Lions, J.-L.",
  title = 	 "Analyse math\'ematique et calcul num\'erique",
  publisher = 	 "Masson",
  year = 	 "1987",
  volume = 	 "8"
}
@Book{Dautray9,
  author = 	 "Dautray, R. and Lions, J.-L.",
  title = 	 "Analyse math\'ematique et calcul num\'erique",
  publisher = 	 "Masson",
  year = 	 "1987",
  volume = 	 "9"
}




@Article{Daviaud90,
  author = 	 "Daviaud F. and Bonetti M. and Dubois M.", 
  title = 	 "Transition to turbulence via spatiotemporal
		  intermittency in one-dimensional Rayleigh-B\'enard
		  convection",
  journal = 	 "Physica D",
  year = 	 "1990",
  volume = 	 "42",
  number = 	 "6",
  pages = 	 "3388-3399"
}

@Article{Daviaud92,
  author = 	 "Daviaud F. and Lega L. and Berg\'e P. and Coullet P.
		  and Dubois M.",
  title = 	 "Spatio-temporal intermittency in a 1D convective
		  pattern: theoretical model and experiments",
  journal = 	 "Physica D",
  year = 	 "1992",
  volume = 	 "55",
  pages = 	 "287-308"
}

@Article{Daviaud93,
  author = 	 "Daviaud F. and Vince J. M.",
  title = 	 "Traveling waves in a fluid layer subject to a
		  horizontal temperature gradient",
  journal = 	 "Physica D",
  year = 	 "1993",
  volume = 	 "48",
  number = 	 "6",
  pages = 	 "4432-4436"
}

@Book{DeGennes74,
  author = 	 "De Gennes P. G.",
  title = 	 "The physics of liquid crystals",
  publisher = 	 "Oxford science publication",
  year = 	 "1974"
}





@Book{Delcroix94,
  author = 	 "Delcroix, J.--L. and Bers, A.",
  title = 	 "Physique des plasmas",
  publisher = 	 "Inter\'editions/ CNRS",
  year = 	 "1994"
}

@Book{Diu89,
  author = 	 "Diu, B. and Guthmann, C. and Lederer, D. and Roulet,
		  B.", 
  title = 	 "Physique statistique",
  publisher = 	 "Hermann",
  year = 	 "1989"
}





@Article{Dixon96,
  author = 	 "Dixon, T. W. and Gherghetta, T. and Kenny, B. G.",
  title = 	 "Universality in the quasiperiodic route to chaos",
  journal = 	 "Chaos",
  year = 	 "1996",
  volume = 	 "6",
  number = 	 "1",
  pages = 	 "32-41"
}

@Article{DuBois80,
     author =       "M. DuBois and P. Berg\'e",
     title =        "Experimental evidence for the oscillators in a
                    convective biperiodic regime.",
     journal =      "Phys. Lett. A",
     volume =       "76",
     pages =        "53",
     year =         "1980",
     keywords =     "oscillator, experiment",
   }

@ARTICLE{Dudok94,
      AUTHOR  = {{Dudok de Wit}, T. and Lima, R. and Pecquet, A.-L.
		  and Vallet, J.-C. },
      TITLE   = {The biorthogonal decomposition as a tool for investigating
        fluctuations in plasmas},
      JOURNAL = php,
      VOLUME="1",
      Pages   = "3288--3300",
      YEAR    = 1994}

@Article{Duncan93,
     author =       "P. Duncan and M. G. Rusbridge",
     title =        "The amplitude correlation method for the study of
		  nonlinear interactions of plasma waves", 
     journal =      "Plasma Phys. Control. Fusion",
     volume =       "35",
     pages =        "825",
     year =         "1993"
   }



@Article{Dupree68,
  author = 	 "Dupree, T. H.",
  title = 	 "Nonlinear theory of low-frequency instabilities",
  journal = 	 "Phys. Fluids",
  year = 	 "1968",
  volume = 	 "11",
  number = 	 "12",
  pages = 	 "2680--2694"
}





@Article{Eckmann81,
  author = 	 "Eckmann, J.-P.",
  title = 	 "Roads to turbulence in dissipative dynamical systems",
  journal = 	 "Rev. Mod. Phys.",
  year = 	 "1981",
  volume = 	 "53",
  number = 	 "4",
  pages = 	 "643--653"
}

@Article{Ellis71,
   author = 	 "Ellis, R. F. and Motley, R. W.",
   title = 	 "Collisional drift instability driven by an axial
 		  current",
   journal = 	 prl,
   year = 	 "1971",
   volume =      "27",
   number =      "22",
   pages = 	 "1476-1499"
}



@Article{Ellis74,
  author = 	 "Ellis, R. F. and Motley, R. W.",
  title = 	 "Current-driven drift instability",
  journal = 	 "Phys. Fluids",
  year = 	 "1974",
  volume = 	 "17",
  number = 	 "3",
  pages = 	 "582--594"
}

@ARTICLE{Ellis80,
      AUTHOR  = {R. F. Ellis and E. Marden-Marshall and R. Majeski},
      TITLE   = {Collisional Drift Instability of a Weakly Ionized
		  Argon Plasma}, 
      JOURNAL = {Plasma Physics},
      YEAR    = 1980,
      VOLUME  = 22,
      PAGES   = "113-132"}





@Article{Ercolani90,
  author = 	 "Ercolani, N. and Forest, M. G. and McLaughlin D. W.",
  title = 	 "Geometry of the modulational instability",
  journal = 	 "Physica D",
  year = 	 "1990",
  volume = 	 "43",
  pages = 	 "349--384"
}





@Article{Fairgrieve91,
  author = 	 "Fairgrieve, T. F. and Jepson, A. D.",
  title = 	 "O. {K.} {F}loquet multipliers",
  journal = 	 "SIAM J. Numer. Anal.",
  year = 	 "1991",
  volume = 	 "28",
  number = 	 "5",
  pages = 	 "1446--1462"
}

@Article{Flesselles94,
  author = 	 "Flesselles J-M and Croquette V. and Jucquois S.",
  title = 	 "Period doubling of a torus in a chain of oscillators",
  journal = 	 prl,
  year = 	 "1994",
  volume = 	 "72",
  number = 	 "18",
  pages = 	 "2871--2874"
}

@Article{Franceschini83,
  author = 	 "Franceschini, V.",
  title = 	 "Bifurcations of tori and phase locking in a
		  dissipative system of diferential equations",
  journal = 	 "Physica D",
  year = 	 "1983",
  volume = 	 "6",
  pages = 	 "285--304"
}






@Book{Frisch95,
  author = 	 "Frisch, U.",
  title = 	 "Turbulence",
  publisher = 	 "Cambridge",
  year = 	 "1995"
}

@Book{Galeev83,
  author = 	 "Galeev, A. A. and Sagdev, R. Z.",
  title = 	 "Basic plasma physics",
  publisher = 	 "North--Holland",
  year = 	 "1983"
}

@Article{Gauthier94,
  author = 	 "D. J. Gauthier and D. W. Sukow and H. M. Concannon
		  and J. E. S. Socolar",
  title = 	 "Stabilizing unstable periodic orbits in a fast diode
		  resonator using continuous time-delay
		  autosynchronization",
  journal = 	 "Phys. Rev. E",
  year = 	 "1994",
  volume = 	 "50",
  pages = 	 "2343"
}




@Book{Germain80,
  author = 	 "Germain, P. and Muller, P.",
  title = 	 "Introduction \`a la m\'ecanique des milieux continus",
  publisher = 	 "Masson",
  year = 	 "1980"
}

@Article{Gills92,
author   ="Z. Gills and C. Iwata and R. Roy and I. Schwart and I. Triandaf",
title    ="Tracking unstable steady states: extending the stability regime
          of a multimode laser system",
journal  ="Phys. Rev. Lett.",
volume   ="69",
pages    ="3169--3172",
year     ="1992",
keywords ="laser",
}


@Article{Grebogi85,
  author = 	 "Grebogi C. and Ott, E. and Yorke, J. A.",
  title = 	 "Attractors on a N--torus: quasiperiodicity versus
		  chaos.",
  journal = 	 "Physica D",
  year = 	 "1985",
  volume = 	 "15",
  pages = 	 "354--373"
}

@PhdThesis{Guyonnet91,
  author = 	 "Guyonnet, R.",
  title = 	 "Analyse de syst\`emes dynamiques spatio-temporels
		  complexes", 
  school = 	 "Universit\'e Aix-Marseille {I}",
  year = 	 "1991"
}




@Article{Hai70,
  author = 	 "Hai, F. and Wong, A. Y.",
  title = 	 "Parametric mode--mode coupling between drift waves
		  in plasmas",
  journal = 	 "Phys. Fluids",
  year = 	 "1970",
  volume = 	 "13",
  number = 	 "3",
  pages = 	 "672--686"
}

@Article{Hamaguchi90,
  author = 	 "Hamaguchi, S. and Horton, W.",
  title = 	 "Fluctuation spectrum and transport from ion
		  temperature gradient driven modes in sheared
		  magnetic fields",
  journal = 	 "Phys. Fluids B",
  year = 	 "1990",
  volume = 	 "2",
  number = 	 "8",
  pages = 	 "1833--1851"
}

@Article{Hansen94,
  author = 	 "Hansen, K. and Klinger, T. and Piel, A.",
  title = 	 "Computer controlled probe diagnostic system and
		  applications in a magnetized laboratory plasma",
  journal = 	 "Rev. Sci. Instrum.",
  year = 	 "1994",
  volume = 	 "65",
  number = 	 "8",
  pages = 	 "2615-2622"
}


@Article{Hasegawa77,
  author = 	 "A. Hasegawa and K. Mima",
  title = 	 "Stationary spectrum of strong turbulence in
		  magnetized nonuniform plasma",
  journal = 	 prl,
  year = 	 "1977",
  volume = 	 "39",
  number = 	 "4",
  pages = 	 "205-208",
  month = 	 "July"
}





@Article{Hasegawa78,
  author = 	 "A. Hasegawa and K. Mima",
  title = 	 "Pseudo--three--dimensional turbulence in magnetized
		  nonuniform plasma",
  journal = 	 "Phys. Fluids",
  year = 	 "1978",
  volume = 	 "21",
  number = 	 "1",
  pages = 	 "87--92"
}

@Article{Hasegawa79,
  author = 	 "Hasegawa, A. and Maclennan, C. G. and Kodoma, Y.",
  title = 	 "Nonlinear behaviour and turbulence spectra of drift
		  waves and Rossby waves",
  journal = 	 "Phys. Fluids",
  year = 	 "1979",
  volume = 	 "22",
  number = 	 "11",
  pages = 	 "2122--2129"
}






@Article{Hasegawa83,
  author = 	 "Hasegawa, A. and Wakatani, M.",
  title = 	 "Plasma edge turbulence",
  journal = 	 prl,
  year = 	 "1983",
  volume = 	 "50",
  number = 	 "9",
  pages = 	 "682--686"
}

@Article{Haucke87,
     author =       "H. Haucke and R. Ecke",
     title =        "Mode-locking and chaos in Raleigh-{B}\'enard
                    convection",
     journal =      "Physica D",
     volume =       "25",
     pages =        "307--327",
     year =         "1987",
     keywords =     "chaos, mode-locking, Rayleigh-B\'enard hydrodynamics",
   }
@Article{Hendel68,
  author = 	 "Hendel, H. W. and Chu, T. K. and Politzev, P. A.",
  title = 	 "Collisional drift waves. Identification,
		  stabilization and enhanced plasma transport",
  journal = 	 pf,
  year = 	 "1968",
  volume = 	 "11",
  pages = 	 "2426--2439"
}




@Book{Henrici74,
  author = 	 "Henrici, P.",
  title = 	 "Applied and Computational Complex Analysis",
  publisher = 	 wiley,
  year = 	 "1974",
  volume = 	 "1"
}


@Article{Herbert83,
  author = 	 "T. Herbert",
  title = 	 "On perturbation methods in nonlinear stability theory", 
  journal = 	 "J. Fluid Mech.",
  year = 	 "1983",
  volume = 	 "126",
  pages = 	 "167-186"
}


@incollection{Hershkowitz93,
         author    = "N. Hershkowitz",
         title     = "How Langmuir Probes Work",
         booktitle = "Plasma Diagnostics",
         volume    = 1,
         publisher = "Academic",
         address   = "New York",
         year      = 1993,
         editor    = "O. Auciello and D. L. Flamm"}


@Article{Hinton71,
  author = 	 "Hinton, F. L. and Horton, C. W.",
  title = 	 "Amplitude limitation of a collisional drift wave
		  instability",
  journal = 	 "Phys. Fluids",
  year = 	 "1971",
  volume = 	 "14",
  number = 	 "1",
  pages = 	 "116--123"
}

@Article{Holodniok84,
  author = 	 "Holdniok, M. and Kubicek M.",
  title = 	 "Derper -- An algorithm for the continuation of
		  periodic solutions in ordinay differential
		  Equations", 
  journal = 	 "J. Comp. Phys.",
  year = 	 "1984",
  volume = 	 "55",
  pages = 	 "254--267"
}

@incollection{Horton84,
      author    = "W. Horton",
      title     = "Drift Wave Turbulence and Anomalous Transport",
      booktitle = "Handbook of Basic Plasma Physics",
      volume    = 2,
      editor    = "A. A. Galeev and R. N. Sudan",
      publisher = "North-Holland Physics",
      address   = "Amsterdam",
      pages     = "383--449",
      chapter   = "6.4",
      year      = 1984}




@article{Horton90,
      author    = "W. Horton",
      title     = "Nonlinear Drift Waves and Transport in Magnetized
		  Plasmas",
      journal   = prep,
      volume    = 192,
      number    = "1-3",
      pages     = "1-177",
      year      = 1990}




@Article{Hotelling93,
  author = 	 "Hotelling, H.",
  title = 	 "Analysis of a complex of statistical variables into principal components.",
  journal = 	 "Journal of Educational Psychology",
  year = 	 "1933",
  volume = 	 "24",
  number = 	 "",
  pages = 	 "417-441"
}

@Article{Hunt91, 
 author=  "E. R. Hunt", 
 title= "Stabilizing high period orbits in a chaotic system: The diode resonator", 
 journal=  "Phys. Rev. Lett.", 
 volume= "67", 
 pages= "1953--1955", 
 year="1991", 
 keywords=
          "electronic engineering, controlling chaos, electronics,
		  varactor"
}





@Article{Hyman86,
  author = 	 "Hyman, J. M. and Nicolaenko, B.",
  title = 	 "The Kuramoto--Sivashinsky equation: a bridge between
		  PDE's and dynamical systems",
  journal = 	 "Physica D",
  year = 	 "1986",
  volume = 	 "18",
  pages = 	 "113--126"
}






@Article{Iizuka89,
  author = 	 "S. Iizuka and T. Huld and H. L. P\'ecseli and J.
		  {Juul Rasmussen}",
  title = 	 "Forced organization of flute-type fluctuations by
		  convective cell injection",
  journal = 	 ppcf,
  year = 	 "1989",
  volume = 	 "31",
  number = 	 "5",
  pages = 	 "855--871"
}




@Book{Infeld,
  author = 	 "Infeld, E. and Rowlands, G.",
  title = 	 "Nonlinear waves solitons and chaos.",
  publisher = 	 "Cambridge",
  year = 	 ""
}

@Article{Iooss88,
  author = 	 "G. Iooss and J. E. Los ",
  title = 	 "Quasi-genericity of bifurcations to high dimensional
		  invariant tori for maps", 
  journal = 	 "Commun. Math. Phys.",
  year = 	 "1988",
  volume = 	 "119",
  pages = 	 "453-500"
}


@Article{Jackson81,
  author = 	 "Jackson, J.",
  title = 	 "Principal {C}omponents and {F}actor {A}nalysis: I.
		  {P}rincipal {C}omponents", 
  journal = 	 "J. Qual. Tech",
  year = 	 "1981",
  volume = 	 "12",
  number = 	 "",
  pages = 	 "201"
}

@Article{Jeffrey72,
  author = 	 "Jefrey, A. and Kakutani, T.",
  title = 	 "Weak nonlinear dispersive waves: a discussion
		  centered around the Kortweg--de Vries equation",
  journal = 	 "SIAM Review",
  year = 	 "1972",
  volume = 	 "14",
  number = 	 "4",
  pages = 	 "582--643"
}

@Article{Jensen83a,
     author =       "M. H. Jensen and P. Bak and T. Bohr",
     title =        "Complete devil's staircase, fractal dimension, and
                    universality of mode-locking structure in the circle
                    map",
     journal =      "Phys. Rev. Lett.",
     volume =       "50",
     pages =        "1637--1639",
     year =         "1983",
     keywords =     "circle map, devil's staircase, dimension, fractal
                    mode, universal, mode locking, locking",
   }

  
@Article{Jensen84,
     author =       "M. H. Jensen and P. Bak and T. Bohr",
     title =        "Transition to chaos by interaction of resonances in
                    dissipative systems. 1. Circle maps",
     journal =      "Phys. Rev. A",
     volume =       "30",
     pages =        "1960--1969",
     year =         "1984",
     keywords =     "chaos, circle map, dissipative, transition",
   }

@Book{Jolliffe86,
  author = 	 "Jolliffe, I.",
  title = 	 "Principal Component Analysis",
  publisher = 	 "Springer-Verlag",
  year = 	 "1986",
  series = 	 "Springer Series in Statistics"
}

Jolliffe, I., Principal Component Analysis, Springer Series in Statistics, Springer-Verlag, New York,
1986.

@Book{Jones90,
  author = 	 "Jones, H. F.",
  title = 	 "Groups, representations and physics",
  publisher = 	 "Adam Hilger",
  year = 	 "1990"
}



@Article{Joulin94,
  author = 	 "Joulin, G.",
  title = 	 "Nonlinear hydrodynamic instability of expending
		  flames: intrinsic dynamics",
  journal = 	 "Phys. Rev. E",
  year = 	 "1994",
  volume = 	 "50",
  number = 	 "3",
  pages = 	 "2030--2047"
}




@Article{Jukes64,
  author = 	 "Jukes, J. D.",
  title = 	 "Micro--instabilities in magnetically confined,
		  inhomogeneous plasma",
  journal = 	 "Phys. Fluids",
  year = 	 "1964",
  volume = 	 "7",
  number = 	 "8",
  pages = 	 "1468--1474"
}




@Article{Kaas87,
  author = 	 "Kass--Petersen, C.",
  title = 	 "Computation, continuation, and bifurcation of torus
		  solutions for dissipative maps and ordinary
		  differential equations.",
  journal = 	 "Physica D",
  year = 	 "1987",
  volume = 	 "25",
  pages = 	 "288--306",
}





@Article{Kadanoff91,
  author = 	 "Kadanoff, L. P. and Libchaber, A. and Moses, E. and
		  Zocchi, G.",
  title = 	 "Turbulence dans une bo\^\i te",
  journal = 	 "La Recherche",
  year = 	 "1991",
  number = 	 "232",
  pages = 	 "628--638"
}

@Article{Kaneko89,
  author = 	 "Kaneko, K.",
  title = 	 "Pattern dynamics in spatiotemporal chaos",
  journal = 	 "Physica D",
  year = 	 "1989",
  volume = 	 "34",
  pages = 	 "1--41"
}

@Article{Kang91,
  author = 	 "Kang, F. and Meng--Zhao, Q.",
  title = 	 "Hamiltonian algorithms for Hamiltonian systems and a
		  comparative numerical study",
  journal = 	 "Comp. Phys. Comm.",
  year = 	 "1991",
  volume = 	 "65",
  number = 	 "",
  pages = 	 "173--187"
}




@Article{Karhunen44,
  author = 	 "K. Karhunen",
  title = 	 "Zur spektral Theorie stochastischer Prozesse",
  journal = 	 "Ann. Acad. Sci. Fennicae Ser. A.1",
  year = 	 "1944",
  volume = 	 "34"
}

@Book{Kato66,
  author = 	 "Kato, T.",
  title = 	 "Perturbation theory for linear operators",
  publisher = 	 "Springer",
  year = 	 "1966"
}

@Article{Kaup79,
  author = 	 "Kaup, D. J. and Reiman, A. and Bers, A.",
  title = 	 "{Space-time evolution of nonlinear three-wave
		  interactions. I. Interaction in a homogeneous
		  medium}",  
  journal = 	 rmp,
  year = 	 "1979",
  volume = 	 "51",
  number = 	 "2",
  pages = 	 "275-309"
}





@Article{Keller66,
  author = 	 "Keller, J. B. and Ting, L.",
  title = 	 "Periodic vibrations of systems governed by nonlinear
		  partial differential equations.",
  journal = 	 "Comm. Pure App. Math.",
  year = 	 "1966",
  volume = 	 "19",
  number = 	 "4",
  pages = 	 "371--420",
}





@Book{Kittel67,
  author = 	 "Kittel, C.",
  title = 	 "Introduction to solid state physics",
  publisher = 	 "John Wiley",
  year = 	 "1967"
}

@Article{Kiyashko74,
  author = 	 "Kiyashko, S. V. and Rabinovich, M. I.",
  title = 	 "A model of turbulence",
  journal = 	 "Sov. Phys. JETP",
  year = 	 "1974",
  volume = 	 "39",
  number = 	 "5",
  pages = 	 "798--801"
}




@Article{Klinger93,
  author = 	 "T. Klinger and A. Piel and F. Seddighi and C. Wilke",
  title = 	 "Van der Pol dynamics of ionization waves",
  journal = 	 "Phys. Lett. A",
  year = 	 "1993",
  volume = 	 "182",
  pages = 	 "312-318"
}





@Article{Kocarev92,
author   ="Lj. Kocarev and K. S. Halle and K. Eckert and U. Parlitz and L.
          O. Chua",
title    ="Experimental demonstration of secure communications via chaotic
          synchronization",
journal  ="Int. J. of Bifurcation and Chaos",
volume   ="2",
number   ="3",
pages    ="709--713",
year     ="1992",
keywords ="security, coding, chaotic, experimental",
}



@Article{Koepke95,
  author = 	 "M. E. Koepke and K. D. Weltmann and C. A. Selcher",
  title = 	 "Spatiotemporal laser perturbation of competing
		  ionization waves in a neon glow discharge",
  journal = 	 "Bull. Am. Phys. Soc.",
  year = 	 "1995",
  volume = 	 "40",
  pages = 	 "1716"
}

@Article{Koepke96,
  author = 	 "M. E. Koepke and T. Klinger and F. Seddighi and A.
		  Piel",
  title = 	 "Periodic nonlinear wave-wave interaction in a plasma
		  discharge with no external oscillatory force",
  journal = 	 "Phys. Plasmas",
  note = 	 "submitted"
}





@Article{Kolmogorov41,
  author = 	 "Kolmogorov, A. N.",
  title = 	 "The local structure of turbulence in imcompressible
		  viscous fluid for very large {R}eynolds numbers.",
  journal = 	 "Dokl. Akad. Nauk. SSSR",
  year = 	 "1941",
  volume = 	 "31",
  pages = 	 "538-541"
}

@Article{Kolodner95,
  author = 	 "P. Kolodner and S. Slimani and N. Aubry and R. Lima",
  title = 	 "Characterization of dispersive chaos and related
		  states of binary-fluid convection",
  journal = 	 "Physica D",
  year = 	 "1995",
  volume = 	 "85",
  pages = 	 "165-224"
}





@Article{Kopell86,
  author = 	 "Kopell, N. and Ermentrout, G. B.",
  title = 	 "Symmetry and phase locking in chains of weakly
		  coupled oscillators",
  journal = 	 "Coom. Pur. Appl. Math.",
  year = 	 "1986",
  volume = 	 "34",
  pages = 	 "623--660"
}

@BOOK{Krall73,
      AUTHOR    = {N. A. Krall and A. W. Trivelpiece},
      TITLE     = {Principles of Plasma Physics},
      PUBLISHER = {McGraw-Hill},
      ADDRESS   = {Maidenhead (UK)},
      YEAR      = 1973}




@Article{Krasitskii94,
  author = 	 "Krasitskii, V. P.",
  title = 	 "On reduced equations in the Hamiltonian theory of
		  weakly nonlinear surface waves",
  journal = 	 "J. Fluid Mech.",
  year = 	 "1994",
  volume = 	 "272",
  pages = 	 "1--20"
}

@Article{Kuramoto87,
  author = 	 "Kuramoto, Y. and Nishikawa, I.",
  title = 	 "Satistical macrodynamics of large dynamical systems.
		  case of phse transition in oscillator communities.",
  journal = 	 jsp,
  year = 	 "1987",
  volume = 	 "49",
  number = 	 "3/4",
  pages = 	 "569--605"
}






@Article{Laframboise76,
  author = 	 "Laframboise, J. G. and Rubinstein, J.",
  title = 	 "Theory of a cylindrical probe in a collisionless
		  magnetoplasma.", 
  journal = 	 "Phys. Fluids",
  year = 	 "1976",
  volume = 	 "19",
  number = 	 "12",
  pages = 	 "1900--1908"
}

@Book{LandauCine,
  author = 	 "Lifshitz, E. M. and Pitaevskii",
  title = 	 "Physical cinetics",
  publisher = 	 "Pergamon Press",
  year = 	 "1981"
}

@Book{LandauEla,
  author = 	 "Landau, L. D. and Lifshitz, E. M.",
  title = 	 "Theory of elasticity",
  publisher = 	 "Pergamon Press",
  year = 	 ""
}



@Book{LandauEle,
  author = 	 "Landau, L. D. and Lifshitz, E. M.",
  title = 	 "Electrodynamics of continuous media",
  publisher = 	 "Pergamon Press",
  year = 	 ""
}

@Book{LandauFlu,
  author = 	 "Landau, L. D. and Lifshitz, E. M.",
  title = 	 "Fluid Mechanics",
  publisher = 	 "Pergamon Press",
  year = 	 "1959"
}

@Book{LandauSta,
  author = 	 "Landau, L. D. and Lifshitz, E. M.",
  title = 	 "Statistical physics",
  publisher = 	 "Pergamon Press",
  year = 	 ""
}





@ARTICLE{Latten95,
      author  = {A. Latten and T. Klinger and A. Piel and Th. Pierre},
      title   = {A Probe Array for the Investigation of
                 Spatio-Temporal Structures in Drift Wave Turbulence},
      journal = rsi,
      volume  = 66,
      number  = 5,
      year    = 1995,
      pages   = {3254--3262}} 





@Book{LeBellac88,
  author = 	 "Le Bellac M.",
  title = 	 "{Des ph\'enom\`enes critiques aux champs de jauge}",
  publisher = 	 "InterEditions/Editions du CNRS",
  year = 	 "1988"
}





@Book{Lesieur90,
  author = 	 "Lesieur, M.",
  title = 	 "Turbulence in fluids",
  publisher = 	 "Kluwer Academic Publisher",
  year = 	 "1990"
}

@article{Limpaecher73,
         author  = "R. Limpaecher and K. R. {MacKenzie}",
         title   = "Magnetic Multipole Containment Of Large Uniform 
                    Collisionless Quiescent plasmas",
         journal = rsi,
         year    = 1973,
         volume  = 44, 
         pages   = 726} 


@Book{Loeve55,
  author = 	 "M. Loeve",
  title = 	 "Probability theory",
  publisher = 	 "Van Nostrand",
  year = 	 "1955"
}







@Article{Lorenz63,
  author = 	 "Lorenz, E. N.",
  title = 	 "Deterministic nonperiodic flow",
  journal = 	 "J. Atmos. Sci.",
  year = 	 "1963",
  volume = 	 "20",
  pages = 	 "130--141"
}

@book{Lumley70,
AUTHOR="Lumley, J. L. ",
TITLE="Stochastic tools in turbulence",
PUBLISHER=academic,
YEAR="1970"}



@Book{Lumley72,
  author = 	 "Lumley, J. L.",
  title = 	 "Stochastic tools in turbulence",
  publisher = 	 "Academic",
  year = 	 "1972"
}


@Book{Lumley81,
  author = 	 "Lumley, J. L.",
  title = 	 "Transition and turbulence",
  publisher = 	 "Academic press",
  year = 	 "1981"
}



@Book{Lumley90,
  author = 	 "Lumley, J. L.",
  title = 	 "Whither Turbulence. Turbulence at the Crossroads. ",
  publisher = 	 "Springer",
  year = 	 "1990"
}

"The potential and limitations of direct and large-eddy simulations,"
  In _Whither Turbulence_, J. L. Lumley, ed., Springer-Verlag, N.Y.,
    1990,


@PhdThesis{Marden80,
  author = 	 "Marden-Marshall, E.",
  title = 	 "Drift waves in a nonuniformly rotating plasma column.",
  school = 	 "Darmouth College",
  year = 	 "1980"}

@article{Madon96a,
     AUTHOR="Madon, A. and Klinger, T.",
     TITLE="Spatiotemporal bifurcations in plasma drift-waves.",
     JOURNAL="Physica D",
     year =  "1996",
     pages="301-316"}


@Article{Madon96b,
  author = 	 "Madon, A. and Klinger, T.",
  title = 	 "A model for the bifurcations in plasma drift-waves",
  journal = 	 "Physica D",
  year =         "1996",
  note = 	 "accepted"
}




@Book{Manneville91,
  author = 	 "Manneville, P.",
  title = 	 "Structures dissipatives, chaos et turbulence",
  publisher = 	 "CEA",
  year = 	 "1991"
}

@Article{Mermin79,
  author = 	 "Mermin, N. D.",
  title = 	 "The topological theory of defects in ordered media",
  journal = 	 rmp,
  year = 	 "1979",
  volume = 	 "51",
  number = 	 "3",
  pages = 	 "591-648"
}

@Article{Mettin93,
author   ="R. Mettin and U. Parlitz and W. Lauterborn",
title    ="Bifurcation structure of the driven Van der Pol oscillator",
journal  ="Int. J. of Bifurcation and Chaos",
volume   ="3",
number   ="6",
pages    ="1529--1555",
year     ="1993",
keywords ="Van der Pol, oscillator, bifurcation",
}






@Article{Middleton92,
  author = 	 "Middleton, A. A.",
  title = 	 "Asymptotic uniqueness of a sliding state for
		  charge--density waves",
  journal = 	 "Phys. Rev. Lett.",
  year = 	 "1992",
  volume = 	 "68",
  number = 	 "5",
  pages = 	 "670--673"
}






@InBook{Mikhailovsky83,
  author = 	 "Mikhailovsky, A. B.",
  title = 	 "Basic plasma physics I",
  chapter = 	 "Instabilities in a inhomogeneous plasma",
  publisher = "North--Holland",
  year = 	 "1983",
  pages = 	 "587--610"
}





@Book{Nayfeh95,
  author = 	 "Nayfeh, A. H. and Balachandran, B.",
  title = 	 "Applied nonlinear dynamics",
  publisher = 	 "John Wiley",
  year = 	 "1995"
}






@Article{Newell88,
  author = 	 "Newell, A. C. and Rand, D. A. and Russel, D.",
  title = 	 "Turbulent transport and the random occurrence of
		  coherent events",
  journal = 	 "Physica D",
  year = 	 "1988",
  volume = 	 "33",
  pages = 	 "281-303"
}

@Article{Newhouse78,
  author = 	 "Newhouse, S. and Ruelle, D. and Takens, F.",
  title = 	 "{Occurence of strange axiom A attractors near quasi
		  periodic flows on $T^m$, $m\geq 3$}",
  journal = 	 "Comm. Math. Phys.",
  year = 	 "1978",
  volume = 	 "64",
  pages = 	 "35--40"
}

@BOOK{Nicholson83,
      AUTHOR    = {D. R. Nicholson},
      TITLE     = {Introduction to Plasma Theory},
      PUBLISHER = {Wiley},
      ADDRESS   = {New York},
      YEAR      = 1983}


@Article{Ott90, 
 author="E. Ott and C. Grebogi and J. A. Yorke", 
 title= "Controlling Chaos", 
 journal= "Phys. Rev. Lett.", 
 volume=  "64", 
 pages= "1196--1199", 
 year="1990", 
 keywords=  "controlling chaos", 

} 




@Book{Parker89,
  author = 	 "Parker, T. S. and Chua, L. O.",
  title = 	 "Practical numerical algorithms for chaotic systems",
  publisher = 	 "Springer-Verlag",
  year = 	 "1989"
}

@Article{Parlitz87,
author   ="U. Parlitz and W. Lauterborn",
title    ="Period-Doubling Cascades and Devil's Staircases of the Driven Van
          der Pol Oscillator",
journal  ="Phys. Rev. A",
volume   ="36",
pages    ="1428--1434",
year     ="1987",
keywords ="devils staircase, oscillator, period-doubling, (+Kapitaniak)",
}

@Article{Parlitz92b,
author  ="U. Parlitz and L. O. Chua and Lj. Kocarev and K. S. Halle and A.
         Shang",
title   ="Transmission of digital signals by chaotic synchronization",
journal ="Int. J. of Bifurcation and Chaos",
volume  ="2",
pages   ="973--977",
year    ="1992",
}



@Article{Pecora90,
author   ="L. M. Pecora and T. L. Carroll",
title    ="Synchronization in chaotic systems",
journal  ="Phys. Rev. Lett.",
volume   ="64",
pages    ="821--824",
year     ="1990",
keywords ="chaotic system, controlling chaos, synchronizing chaos",
}

@Article{Pecora91,
author   ="L. M. Pecora and T. L. Carroll",
title    ="Driving systems with chaotic signals",
journal  ="Phys. Rev. A",
volume   ="44",
pages    ="2374--2383",
year     ="1991",
keywords ="driven system, chaotic, synchronizing chaos, coupled systems",
}



@Article{Pecseli93, 
     author =       "H. L. P\'ecseli and J. Trulsen",
     title =        "On the interpretation of experimental methods for
		  investigating nonlinear wave phenomena", 
     journal =      "Plasma Phys. Control. Fusion",
     volume =       "35",
     pages =        "1701--1715",
     year =         "1993"
   }

  
@Article{Peng91,
author   ="B. Peng and V. Petrov and K. Showalter",
title    ="Controlling chemical chaos",
journal  ="J. Phys. Chem",
volume   ="1991",
pages    ="4957--4959",
year     ="1991",
keywords ="controlling chaos, chemical chaos",
}




@Book{Petit91,
  author = 	 "Petit, R.",
  title = 	 "L'outil math\'ematique",
  publisher = 	 "Masson",
  year = 	 "1991"
}

@Article{Petrov92,
author   ="V. Petrov and B. Peng and K. Showalter",
title    ="A map-based algorithm for controlling low-dimensional chaos",
journal  ="J. Chem. Phys.",
volume   ="96",
pages    ="7506--7513",
year     ="1992",
keywords ="controlling chaos, map, algorithm, chemical",
}



@Article{Petrov94a,
author  ="Valery Petrov and Michael J. Crowley and Kenneth Showalter",
title   ="Tracking Unstable Periodic Orbits in the Belushov-Zhabitinsky
         Reaction",
journal ="Phys. Rev. Lett.",
volume  ="72",
pages   ="2955--2958",
year    ="1994",
}


@Article{Petrov95,
author   ="V. Petrov and E. Mihaliuk and S. K. Scott and K. Showalter",
title    ="Stabilizing and characterizing unstable states in
          high-dimensional systems from time series",
journal  ="Phys. Rev. E",
volume   ="51",
number   ="5",
pages    ="3988--3996",
year     ="1995",
keywords ="system identification, model, controlling chaos",
}



@ARTICLE{Pierre86,
         AUTHOR  = {T. Pierre and G. Leclert and F. Braun},
         TITLE   = {Magnetized Double-Plasma Device for Wave Studies},
         JOURNAL = {Rev. Sci. Instrum.},
         VOLUME  = 58,
         YEAR    = 1987,
         PAGES   = "6-11"}


@Article{Pierre92,
  author = 	 "Pierre, T. and Rohde. V and Piel, A.",
  title = 	 "Experimental and numerical stdy of the plasma drift
		  effect on upper--hybrid resonance cones.",
  journal = 	 "Phys. Fluids B",
  year = 	 "1992",
  volume = 	 "4",
  pages = 	 "2661-2664"
}

@Article{Pierre96,
  author = 	 "T. Pierre and G. Bonhomme and A. Atipo",
  title = 	 "Controlling the chaotic regime of nonlinear
		  ionization waves using the time-delay
		  autosynchronization method",
  journal = 	 "Phys. Rev. Lett.",
  year = 	 "1996",
  volume = 	 "76",
  pages = 	 "2290-2293"
}




@Article{Pikovsky94,
  author = 	 "Pikovsky, A. S. and Kurth, J.",
  title = 	 "Collective behaviour in ensembles of globally
		  coupled maps",
  journal = 	 "Physica D",
  year = 	 "1994",
  volume = 	 "76",
  pages = 	 "411--419"
}

@Book{Press92,
  author = 	 "W. H. Press and S. Teukolsky and W. T. Vetterling
		  and B. Flannery",
  title = 	 "Numerical recipes in C",
  publisher = 	 "Cambridge",
  year = 	 "1992"
}

@Article{Pyragas92, 
 author=   "K. Pyragas", 
 title= "Continuous control of chaos, by self-controlling feedback", 
 journal=  "Phys. Lett. A", 
 volume= "170", 
 pages= "421--428", 
 year="1992", 
 keyword="controlling chaos, feedback", 

} 

@Article{Pyragas93b, 
 author="K. Pyragas and A. Tomacevicius", 
 title="Experimental control of chaos by delayed self controlling
		  feedback ", 
 journal=  "Phys. Lett. A", 
 volume=   "180", 
 pages= "99--102", 
 year= "1993", 
 keywords= "controlling chaos"}
 





@Article{Rahibe95,
  author = 	 "Rahibe, M. and Aubry, N. and Sivashinsky, G. I. and
		  Lima, R.",
  title = 	 "Formation of wrinkles in outwardly propagating
		  flames.", 
  journal = 	 "Phys. Rev. E",
  year = 	 "1995",
  volume = 	 "52",
  number = 	 "4",
  pages = 	 "3675--3686"
}


@Book{Reif64,
  author = 	 "Reif, F.",
  title = 	 "Physique statistique",
  publisher = 	 "Armand Colin",
  year = 	 "1964",
  series = 	 "Berkeley : cours de physique"
}

@Article{Ritz89,
  author = 	 "Ritz, C. P. and Powers, E. J. and Bengston, R. D.",
  title = 	 "Experimental measurement of three-wave coupling and
		  energy cascading.",
  journal = 	 "Phys. Fluids B",
  year = 	 "1989",
  volume = 	 "1",
  number = 	 "1",
  pages = 	 "153--163"
}

@Article{Roy92,
author   ="R. Roy and T. D. Jr. Murphy and T. D. Maier and Z. Gills and E.
          R. Hunt",
title    ="Dynamical control of a chaotic laser: experimental
		  stabilization of a globally coupled system",
journal  ="Phys. Rev. Lett.",
volume   ="68",
pages    ="1259--1262",
year     ="1992",
keywords ="controlling chaos, chaotic, coupled, experiment, laser",
}





@Article{Rubinstein78,
  author = 	 "Rubinstein, J. and Laframboise, J. G.",
  title = 	 "Upper-bound current to a cylindrical probe in a
		  collisionless magnetoplasma",
  journal = 	 "Phys. Fluids",
  year = 	 "1978",
  volume = 	 "21",
  number = 	 "9",
  pages = 	 "1655--1656"
}




@Article{Rubinstein82,
  author = 	 "Rubinstein, J. and Laframboise, J. G.",
  title = 	 "Theory of a spherical probe in a collisionless magnetoplasma",
  journal = 	 "Phys. Fluids",
  year = 	 "1982",
  volume = 	 "25",
  number = 	 "7",
  pages = 	 "1174--1182"
}

@Article{Rubinstein83,
  author = 	 "Rubinstein, J. and Laframboise, J. G.",
  title = 	 "Theory of axially symmetric probes in a
		  collisionless magnetoplasma: aligned spheroids,
		  finite cylinders, and disks",
  journal = 	 "Phys. Fluids",
  year = 	 "1983",
  volume = 	 "26",
  number = 	 "12",
  pages = 	 "3624--3627"
}

@Article{Ruelle71,
  author = 	 "Ruelle, D. and Takens, F.",
  title = 	 "On the nature of turbulence",
  journal = 	 "Comm. Math. Phys.",
  year = 	 "1971",
  volume = 	 "20",
  number = 	 "",
  pages = 	 "167--192"
}

@Article{Satoh91a,
     author =       "Kazuhiro Satoh",
     title =        "Quasiperiodic route to chaos in a coupled logistic
                    map.",
     journal =      "J. Phys. Soc. Jpn.",
     volume =       "60",
     number =       "2",
     pages =        "718--719",
     year =         "1991",
     keywords =     "CHAOTIC SYSTEMS, COUPLING, MAPPING, MAPS, PHASE
                    DIAGRAMS,",
   }



@Article{Shenker82,
     author =       "S. J. Shenker",
     title =        "Scaling behavior in a map of a circle onto itself.
                    Empirical results.",
     journal =      "Physica D",
     volume =       "5",
     pages =        "405--411",
     year =         "1982",
     keywords =     "map, scaling"
}


@Article{Shle93,
  author = 	 "M. F. Shlesinger",
  title = 	 "Applications of chaos and fractals",
  journal = 	 "Naval Research Reviews",
  year = 	 "1993",
  volume = 	 "45",
  pages = 	 "2-3"
}





@Article{Sievers88,
  author = 	 "Sievers, A. J. and Takeno, S.",
  title = 	 "Intrinsic localized in anharmonic crystals",
  journal = 	 prl,
  year = 	 "1988",
  volume = 	 "61",
  number = 	 "8",
  pages = 	 "970--973"
}

@Article{Sievers89,
  author = 	 "Sievers, A. J. and Takeno, S.",
  title = 	 "Anharmonic resonant modes and the low--temperature
		  specific heat of glasses.",
  journal = 	 "Phys. Rev. B",
  year = 	 "1989",
  volume = 	 "39",
  number = 	 "5",
  pages = 	 "3374--3379"
}


@Article{Sirovich89,
  author = 	 "Sirovich, L.",
  title = 	 "Chaotic dynamics of coherent structures",
  journal = 	 "Physica D",
  year = 	 "1989",
  volume = 	 "37",
  pages = 	 "126-145"
}

@Article{Spano93,
  author = 	 "M. L. Spano and W. L. Ditto",
  title = 	 "Controlling chaos",
  journal = 	 "Naval Research Reviews",
  year = 	 "1993",
  volume = 	 "45",
  pages = 	 "12-21"
}




@Book{Stanisic85,
  author = 	 "Stanisic, M. M.",
  title = 	 "The mathematical theory of turbulence",
  publisher = 	 "Springer",
  year = 	 "1985"
}

@Article{Stavans85,
     author =       "J. Stavans and F. Helsot and A. Libchaber",
     title =        "Fixed winding number and the quasiperiodic route to
                    chaos in a convective fluid",
     journal =      "Phys. Rev. Lett.",
     volume =       "55",
     pages =        "596",
     year =         "1985",
     keywords =     "chaos, winding number, hydrodynamic, route to chaos",
   }






@Article{Stix69,
  author = 	 "Stix, T.",
  title = 	 "Finite-amplitude collisional drift waves",
  journal = 	 "Phys. Fluids",
  year = 	 "1969",
  volume = 	 "12",
  number = 	 "3",
  pages = 	 "627--639"
}

@Article{Strogatz92,
  author = 	 "Strogatz, S. H. and Mirollo, R. E. and Matthews, P.
		  C.", 
  title = 	 "Coupled nonlinear oscillators below the
		  synchronization threshold: relaxation be generalized
		  Landau damping",
  journal = 	 prl,
  year = 	 "1992",
  volume = 	 "68",
  number = 	 "18",
  pages = 	 "2730--2733"
}



@Article{Stuart60,
  author = 	 "J. T. Stuart",
  title = 	 "On the nonlinear mechanics of wave disturbances in
		  stable and unstable parallel flows, Part 1. The
		  basic behaviour in plane Poiseuille flow", 
  journal = 	 "J. Fluid Mech.",
  year = 	 "1960",
  volume = 	 "9",
  pages = 	 "353-370"
}






@Article{Swift77,
  author = 	 "Swift, J. and Hohenberg, P. C.",
  title = 	 "Hydrodynamic fluctuations at the convective
		  instability", 
  crossref =  "",
  key = 	 "",
  journal = 	 "Phys. Rev. A",
  year = 	 "1977",
  volume = 	 "15",
  number = 	 "1",
  pages = 	 "319--328"}



@Article{Tsai70,
  author = 	 "Tsai, S.--T. and Perkins, F. W. and Stix, T. H.",
  title = 	 "Thermal conductivity and low frequency waves in
		  collisional plasmas.",
  journal = 	 "Phys. Fluids",
  year = 	 "1970",
  volume = 	 "13",
  number = 	 "8",
  pages = 	 "2108--2114"
}

@BOOK{Tsytovich72,
      AUTHOR    = "V. N. Tsytovich",
      TITLE     = "An Introduction to the Theory of Plasma Turbulence",
      PUBLISHER = "Pergamon Press",
      ADDRESS   = "Oxford",
      YEAR      = 1972}




@Article{Uhl93,
  author = 	 "Uhl, C. and Friedrich, R. and Haken, H.",
  title = 	 "Reconstruction of spatiotemporal signals of complex
		  systems.", 
  journal = 	 "Z. Phys. B",
  year = 	 "1993",
  volume = 	 "92",
  pages = 	 "211--219"
}

@Article{Umberger86,
     author =       "Umberger and J. D. Farmer and Satija",
     title =        "A universal strange attractor underlying the
                    quasiperiodic transition to chaos.",
     journal =      "Phys. Lett. A",
     volume =       "114",
     pages =        "341",
     year =         "1986",
     keywords =     "attractor, chaos, chaotic system, strange, strange
                    attractor, transition, universal"
   }



@Book{VanBladel,
  author = 	 "Van Bladel J.",
  title = 	 "Electromagnetic fields",
  publisher = 	 "Mac Graw-Hill",
  year = 	 ""
}

@Article{VanDerPol,
  author = 	 "B. Van der Pol",
  title = 	 "The nonlinear theory of electric oscillations",
  journal = 	 "Proc. IRE",
  year = 	 "1934",
  volume = 	 "22",
  pages = 	 "1051-1086"
}




@Article{Vautard89,
  author = 	 "Vautard, R. and Ghil, M.",
  title = 	 "Singular spectrum analysis in nonlinear dynamics,
		  with applications to paleoclimatic time series",
  journal = 	 "Physica D",
  year = 	 "1989",
  volume = 	 "35",
  pages = 	 "395--424"
}




@Article{Vautard92,
  author = 	 "Vautard, R. and Yiou, P. and Ghil, M.",
  title = 	 "Singular-spectrum analysis: a toolkit for short,
		  noisy signals",
  journal = 	 "Physica D",
  year = 	 "1992",
  volume = 	 "58",
  pages = 	 "95--126"
}

@Article{VonNeuman35,
  author = 	 "Von Neuman, J.",
  title = 	 "",
  journal = 	 "Actualit\'es scientifiques et industrielles",
  year = 	 "1935",
  volume  = 	 "229"
}

@Article{Vyshkind76,
  author = 	 "Vyshkind, S. Y. and Rabinovich, M. I.",
  title = 	 "The phase stochastization mechanism and the
		  structure of wave turbulence in dissipative media.",
  journal = 	 "Sov. Phys. JETP",
  year = 	 "1976",
  volume = 	 "44",
  number = 	 "2",
  pages = 	 "292--299"
}

@ARTICLE{Wagner93,
      AUTHOR  = {F. Wagner and U. Stroth},
      TITLE   = {Transport in toroidal devices - the experimentalist's
		  view},  
      JOURNAL = ppcf,
      VOLUME  = 35,
      YEAR    = 1993,
      PAGES   = "1321--1371"}


@Article{Watson60,
  author = 	 "J. Watson",
  title = 	 "On the nonlinear mechanics of wave disturbances in
		  stable and unstable parallel flows, Part 1. The
		  development of a solution for plane Poiseuille and
		  for plane Couette flow", 
  journal = 	 "J. Fluid Mech.",
  year = 	 "1960",
  volume = 	 "9",
  pages = 	 "371-389"
}


@Article{Weltmann,
  author = 	 "K. D. Weltmann and M. E. Koepke and C. A. Selcher",
  title = 	 "Spatiotemporal laser perturbation of competing
		  ionization waves in a neon glow discharge",
  journal = 	 "Phys. Rev. E",
  note = 	 "submitted"
}


@Article{Weltmann93,
  author = 	 "K. D. Weltmann and H. Deutsch and H. Unger and C.
		  Wilke",
  title = 	 "Investigation of chaotic states in a neon gas
		  discharge by estimation of dimensions and
		  correlation functions",
  journal = 	 "Contrib. Plasma Phys.",
  year = 	 "1993",
  volume = 	 "33",
  pages = 	 "73-88"
}



@Article{Weltmann95,
  author = 	 "K. D. Weltmann and T. Klinger and C. Wilke",
  title = 	 "Experimental control of chaos in a periodically
		  driven glow discharge",
  journal = 	 "Phys. Rev. E",
  year = 	 "1995",
  volume = 	 "52",
  pages = 	 "2106-2109"
}
 




@Article{Wersinger80,
  author = 	 "Wersinger, J.--M. and Finn, J. M. and Ott, E.",
  title = 	 "Bifurcations and strange behaviour in instability
		  saturation by nonlinear mode coupling",
  journal = 	 prl,
  year = 	 "1980",
  volume = 	 "44",
  number = 	 "7",
  pages = 	 "453--456"
}

@Article{Weyland69,
  author = 	 "Weyland, G. and Goldman, M.", 
  title = 	 "Paranetric excitation of drift waves in a resistive
		  plasma",
  journal = 	 "Phys. Fluids",
  year = 	 "1969",
  volume = 	 "12",
  number = 	 "5",
  pages = 	 "1097--1109"
}

@Proceedings{Wies94,
  title = 	 "Proc. SPIE",
  year = 	 "1994",
  editor = 	 "H. S. Wiesniewski",
  volume = 	 "2037"
}






@Article{Wiesenfeld,
  author = 	 "Wiesenfeld, K. and Hadley, P.",
  title = 	 "Attractor crowding in oscillator arrays",
  journal = 	 prl,
  year = 	 "1989",
  volume = 	 "62",
  number = 	 "12",
  pages = 	 "1335--1338"
}

@Article{Yazaki87,
     author =       "T. Yazaki and S. Takashima and F. Mizutami",
     title =        "Complex quasiperiodic and chaotic states observed in
                    thermally induced oscillations of gas columns",
     journal =      "Phys. Rev. Lett.",
     volume =       "58",
     pages =        "1108--1111",
     year =         "1987",
     keywords =     "chaotic, oscillation",
   }





@Article{Zakharov85,
  author = 	 "Zakharov, V. E. and Musher, S. L. and Rubenchik A. M.",
  title = 	 "Hamiltonian approach to the description of nonlinear
		  plasma phenomena",
  journal = 	 "Phys. Rep.",
  year = 	 "1985",
  volume = 	 "129",
  number = 	 "5",
  pages = 	 "285-366"
}

@Article{Zufiria88,
  author = 	 "J. A. Zufiria",
  title = 	 "Oscillatory spatially periodic weakly nonlinear
		  gravity waves on deep water", 
  journal = 	 "J. Fluid Mech.",
  year = 	 "1988",
  volume = 	 "191",
  pages = 	 "341-372"
}



 






